4508 6532
1750 452 1816 506 pag.
1834 435 1893 490 eod.
1912 452 1976 506 aug.
1996 433 2164 491 CXXXVII.

1191 1020 1264 1089 ore)

546 1261 686 1326 Domino
722 1262 911 1328 venerabili.
951 1271 984 1326 et
1021 1262 1053 1325 in
1092 1263 1214 1327 christo
1248 1264 1343 1350 patri.
1389 1263 1434 1327 ill.
1473 1263 1581 1328 abbati
1623 1264 1719 1327 simul
1762 1285 1835 1328 eum
1877 1264 1948 1327 feli-

547 1365 575 1428 ci
600 1372 709 1430 vestra
731 1367 993 1451 congregatione.
1018 1386 1115 1451 quarn
1139 1366 1289 1431 dominus
1314 1367 1355 1432 de
1380 1366 1517 1430 diversis
1540 1367 1715 1451 provinciis
1738 1365 1778 1431 ad
1802 1368 1949 1452 peregri-

547 1469 690 1534 nandum
719 1479 852 1558 propter
879 1492 997 1534 nomen
1030 1492 1134 1536 suum.
1165 1472 1225 1536 sub
1254 1473 1330 1557 iugo
1353 1472 1489 1535 militiae
1513 1478 1612 1556 atquo
1636 1471 1811 1536 servitutis.
1834 1472 1950 1554 alaque

547 1575 758 1659 protectionis
786 1574 963 1638 secundum
993 1575 1203 1659 euangelium
1227 1574 1349 1640 Christi
1380 1576 1573 1660 regulariter
1595 1575 1762 1639 vobiscum
1785 1573 1949 1639 coaduna-

518 1710 530 1747 5
548 1678 602 1741 vit.
648 1678 843 1742 Audivimus
860 1678 945 1762 quod
963 1677 1111 1743 dominus
1127 1677 1228 1744 Jesus
1246 1677 1396 1743 Christus
1414 1701 1472 1764 per
1489 1679 1697 1763 euangelium
1713 1700 1808 1743 suum
1824 1699 1949 1743 annun-

548 1781 607 1845 tiat
651 1781 780 1846 dicens:
854 1781 927 1846 Nisi
975 1783 1047 1867 quis
1081 1784 1317 1848 renuntiaverit
1361 1784 1509 1847 omnibus
1557 1803 1641 1868 quae
1686 1782 1843 1868 possidet.
1886 1800 1950 1842 non

548 1891 655 1970 potest
694 1905 786 1949 meus
825 1905 899 1950 esse
940 1886 1130 1971 discipulus.
1185 1886 1229 1950 Et
1263 1886 1358 1950 alibi:
1422 1885 1487 1960 Qui
1526 1886 1697 1970 reliquerit
1732 1892 1858 1971 patrem
1895 1891 1951 1947 aut

548 1993 685 2052 matrem
709 1996 765 2053 aut
777 1988 895 2052 fratres
919 1994 975 2053 aut
990 2008 1129 2053 sorores.
1146 1989 1262 2054 domus
1286 1996 1342 2054 aut
1358 2011 1466 2074 agros.
1490 1997 1524 2053 et
1539 1996 1660 2054 caetera
1676 1995 1809 2075 propter
1832 2009 1951 2052 nomen

548 2112 666 2157 meum.
696 2094 884 2177 centuplum
913 2093 1064 2177 accipiet.
1092 2101 1126 2158 et
1154 2094 1253 2157 vitam
1283 2102 1449 2158 aeternam
1479 2093 1670 2180 possidebit.
1720 2093 1867 2157 Petimus
1899 2113 1949 2156 er·

504 2226 533 2266 10
549 2216 591 2279 go
628 2195 866 2260 beatitudinem
905 2197 1051 2261 caritatis
1091 2203 1228 2262 vestrae.
1270 2204 1306 2262 ut
1345 2219 1405 2262 nos
1438 2198 1471 2261 in
1506 2196 1652 2261 ordinem
1688 2196 1951 2281 congregationis

549 2306 678 2366 vestrae
709 2300 888 2386 dignemini
920 2301 1076 2387 recipere.
1111 2310 1146 2365 ut
1176 2301 1296 2366 ibidem
1335 2302 1450 2367 dicbus
1485 2302 1570 2366 vitae
1599 2307 1732 2366 nostrae
1764 2300 1824 2364 sub
1853 2321 1950 2384 regu·

548 2404 580 2468 la
628 2404 718 2469 beati
768 2404 940 2469 Benedicti
993 2404 1113 2470 vivere.
1165 2412 1198 2469 et
1248 2426 1443 2471 conversare
1494 2404 1683 2469 debeamus.
1750 2403 1950 2468 Abrenunti·

549 2529 640 2572 amus
686 2507 786 2592 igitur
827 2507 978 2572 omnibus
1016 2508 1235 2573 voluntatibus
1279 2509 1398 2573 nostris
1436 2508 1585 2594 propriis.
1631 2513 1665 2571 et
1702 2507 1853 2571 omnibus
1900 2529 1949 2572 re-

549 2611 609 2675 bus
658 2631 739 2698 quas
791 2611 1006 2697 possidemus.
1068 2612 1152 2676 sicut
1202 2612 1398 2698 euangelica
1458 2620 1490 2675 et
1539 2612 1697 2696 regularis
1752 2609 1848 2675 docet
1901 2614 1950 2675 in-

505 2749 533 2788 η
550 2715 687 2780 dustria.
725 2715 806 2780 nihil
844 2714 884 2779 de
922 2716 1020 2780 rebus
1058 2715 1207 2780 terrenis.
1253 2716 1294 2780 ab
1338 2715 1399 2780 hac
1437 2715 1491 2779 die
1530 2735 1739 2799 possessuros
1777 2735 1837 2779 nos
1875 2736 1950 2799 spo-

548 2819 729 2906 pondimus.
797 2820 858 2883 nisi
918 2828 1073 2905 quantum
1139 2825 1231 2905 patre
1290 2818 1479 2883 monasterii
1545 2816 1688 2882 donante
1755 2826 1812 2882 aut
1876 2840 1950 2904 per-

547 2924 697 2988 mittente
755 2923 908 2987 elimenta
971 2925 1024 2987 vel
1078 2923 1259 3008 tegimenta
1322 2922 1465 3007 corporis
1527 2921 1760 3008 acceperimus.
1840 2922 1950 2987 Oboc-

549 3026 706 3091 dientiam
723 3027 815 3091 vobis
840 3028 1045 3114 inquantum
1066 3027 1151 3092 vires
1166 3032 1297 3091 nostrae
1314 3032 1504 3112 suppetunt.
1527 3033 1561 3089 et
1576 3024 1723 3088 dominus
1741 3022 1868 3089 dederit
1891 3047 1949 3089 no-

548 3129 597 3194 bis
663 3130 869 3195 adiutorium.
942 3151 1135 3195 conservare
1201 3129 1431 3216 promittimus.
1520 3127 1742 3192 Stabilitatem
1814 3151 1950 3194 conver·

504 3267 533 3306 20
549 3236 683 3299 sationis
718 3241 836 3299 nostrae
875 3235 907 3298 in
943 3235 1197 3320 congregatione
1231 3241 1352 3301 vestra.
1393 3240 1476 3298 teste
1512 3232 1651 3297 domino.
1690 3231 1809 3297 devoto
1843 3234 1950 3298 animo

548 3361 620 3404 cum
666 3338 895 3403 observatione
948 3339 1093 3423 regulae.
1145 3359 1251 3424 usque
1302 3339 1336 3403 in
1384 3339 1482 3402 finem
1527 3338 1717 3424 profitemur
1766 3338 1951 3406 observare.

548 3442 621 3506 Nisi
661 3442 732 3527 quis
773 3447 898 3505 tantum
937 3441 1023 3529 quod
1059 3443 1256 3527 ignoramus.
1296 3442 1405 3507 futura
1439 3442 1575 3505 forsitan
1609 3440 1838 3506 oboedientiae
1875 3465 1950 3507 cau-

549 3568 585 3610 sa
628 3545 781 3610 utilitatis
826 3547 955 3610 animae
999 3544 1136 3610 accedat
1185 3556 1242 3609 aut
1287 3545 1385 3610 etiam
1434 3543 1515 3608 illud
1565 3545 1593 3609 si
1644 3550 1757 3610 contra
1800 3546 1949 3611 volunta-

547 3657 597 3714 tes
613 3656 742 3714 nostras
763 3648 850 3734 quod
866 3649 951 3714 absit
973 3670 1164 3735 separemur
1184 3647 1377 3715 abarbaris.
1399 3653 1433 3712 et
1453 3648 1560 3734 ipsum
1581 3648 1723 3714 siluerit
1744 3650 1950 3735 inquantum

503 3787 532 3826 25
548 3775 728 3839 possumus.
785 3773 914 3839 semper
970 3752 1012 3817 ad
1064 3753 1167 3839 ipsam
1218 3753 1505 3837 congregationem
1562 3758 1727 3818 revertere
1783 3754 1950 3821 faciamus.

548 3863 582 3921 et
604 3854 663 3920 sub
681 3862 795 3920 sancto
812 3855 924 3920 ordine
941 3877 1198 3942 perseveremus.
1244 3854 1283 3919 ln
1308 3854 1432 3939 reliquo
1457 3875 1534 3919 vero
1558 3876 1617 3941 per
1639 3856 1764 3920 nullum
1785 3858 1951 3943 ingenium

548 3981 568 4025 a
597 3957 744 4045 predicta
772 3958 1028 4043 congregatione
1066 3964 1187 4024 vestra.
1221 3958 1274 4023 vel
1303 3958 1379 4042 iugo
1410 3963 1532 4022 sanctae
1559 3959 1706 4044 regulae.
1734 3982 1794 4026 seu
1823 3961 1863 4026 de
1892 3983 1950 4048 po-

606 4273 691 4339 67⁶,1
708 4272 764 4325 cod.
783 4273 869 4324 omino
886 4271 1036 4325 uenerabili.
