4508 6532
903 437 1132 495 enoosumu.
1824 447 1843 506 5

190 627 396 693 Sitlrinrsium
418 627 579 712 3333133333
601 645 646 709 (n.
669 627 728 708 29)
750 632 779 690 et
800 626 935 706 fortasse
956 630 1052 694 etiam
1075 629 1313 695 Pmemiensinm
1335 629 1380 709 (p.
1406 632 1463 712 32)
1489 651 1522 693 eo
1544 651 1630 694 anno
1653 632 1848 712 conscriptus

189 733 240 795 sit.
286 733 382 795 Anno
404 732 467 793 885
490 730 535 812 (p.
556 732 615 813 28)
643 730 689 792 ibi
712 730 944 812 llinuuoinuses
966 735 1115 814 inscripti
1136 740 1220 811 scrut,
1242 732 1376 814 iuuisse
1398 734 1500 798 codem
1528 739 1662 814 tenuiore
1682 736 1848 815 quaternio

191 837 338 900 ltonrana
360 834 491 898 nomina
514 835 694 909 continens,
724 835 816 898 errius
839 836 901 898 duo
924 842 1048 901 tetntrun
1070 838 1149 918 folia
1172 838 1220 921 [p.
1236 839 1384 922 44-47]
1405 842 1584 918 3333333333.
1628 838 1755 901 Interea
1778 859 1848 902 cunr

192 943 254 1004 iam
278 960 364 1004 anno
379 941 442 1001 881
465 938 607 1018 defuncti
628 959 712 1018 reyes
733 939 770 1001 iu
790 937 904 1002 rdtima
927 939 1072 1004 columna
1087 941 1228 1021 33333333
1251 940 1360 1004 tertiae
1382 941 1487 1004 additi
1508 946 1609 1004 esseut
1630 945 1659 1003 et
1680 942 1746 1005 iam
1768 963 1848 1005 conr·

184 1045 336 1125 333333
358 1042 433 1106 breis
455 1043 609 1119 monacbi,
633 1041 708 1104 laici
730 1046 760 1104 et
782 1041 882 1105 laicae
897 1044 1090 1108 diuersorum
1110 1049 1281 1125 ternpornm
1296 1045 1451 1125 nerniiati
1471 1043 1644 1126 lenirentur
1659 1045 1847 1109 desiderium

191 1153 331 1212 emortum
355 1152 408 1223 est,
431 1151 469 1210 nt
491 1145 646 1227 luidrilius
667 1147 774 1209 orunia
796 1147 980 1226 antiquiora
1001 1149 1131 1210 nure-ino
1153 1152 1374 1229 ruminentur,
1396 1153 1426 1211 et
1448 1170 1495 1212 33.
1518 1170 1640 1212 annum
1659 1150 1723 1210 890
1744 1148 1768 1231 [
1764 1147 1803 1228 cf.
1820 1148 1849 1223 Ι,

192 1256 234 1314 17
235 1254 263 1328 9,
280 1252 341 1334 17]
363 1255 425 1315 tres
441 1251 663 1330 qrmtcrniones
685 1250 789 1311 additi
803 1255 887 1324 sunt,
910 1271 1043 1330 quonum
1058 1253 1187 1332 printus
1202 1253 1361 1334 (48-61)
1375 1272 1439 1315 uno
1454 1250 1669 1335 taliamento),
1692 1252 1850 1315 scerendns

191 1356 350 1438 (oe-75)
373 1355 494 1418 duobus
514 1353 602 1435 foliis
623 1355 739 1435 (primo
761 1358 790 1415 ct
813 1357 942 1438 octauo),
967 1354 1078 1418 tertius
1099 1355 1259 1437 ero-43)
1280 1375 1344 1418 uno
1366 1353 1442 1435 folio
1463 1355 1627 1438 (secundo)
1648 1376 1735 1419 nernc
1757 1355 1850 1418 orbus

191 1465 244 1521 est.
312 1458 391 1521 (bern
420 1458 547 1537 primus
584 1456 696 1519 borum
731 1458 974 1535 qrurternionum
1006 1459 1051 1538 (u.
1075 1460 1229 1535 30-43)
1257 1458 1453 1537 antiquiores
1483 1458 1700 1522 colunumrum
1729 1457 1851 1538 sanias

192 1562 348 1637 collibeat,
382 1582 452 1624 eum
488 1560 597 1623 ceteris
630 1561 840 1639 ontimciorem
869 1582 932 1622 osse
960 1582 1075 1624 censeo.
1132 1561 1281 1625 Fortasse
1308 1563 1371 1625 iam
1401 1583 1448 1625 33.
1471 1583 1593 1626 annum
1623 1565 1687 1625 890
1714 1562 1761 1626 ool
1787 1564 1850 1621 933

192 1666 323 1729 333333
352 1670 410 1737 est,
444 1685 514 1727 crem
544 1665 705 1743 scriptura
734 1685 854 1744 quoque
884 1686 906 1725 a
942 1665 1050 1727 ceteris
1084 1666 1244 1745 discrmet.
1310 1665 1437 1729 Folium
1468 1666 1628 1747 sirmrdare
1657 1666 1702 1747 (p.
1725 1667 1784 1751 27)
1811 1686 1851 1727 eu·

191 1770 369 1849 scripturae
396 1772 471 1830 nota
499 1771 528 1828 et
560 1767 758 1829 3333333333
784 1769 954 1848 anteritate
982 1788 1150 1850 noctemque
1175 1769 1287 1848 formis
1309 1769 1566 1849 antiquissimum
1588 1791 1651 1830 esse
1673 1768 1792 1850 collino,
1821 1773 1851 1832 et

193 1872 349 1935 similibus
369 1870 456 1951 foliis
472 1870 595 1950 prinus
616 1870 771 1951 catalooos
784 1872 951 1935 mernoriae
964 1873 1098 1935 traditos
1112 1873 1212 1952 fuisse
1221 1878 1311 1952 nuto.
1356 1875 1398 1936 In
1413 1874 1546 1955 numnis
1559 1875 1667 1935 44-7
1669 1871 1687 1935 5
1703 1876 1732 1933 et
1747 1870 1849 1952 surml.

197 1979 300 2037 1-14
331 1980 393 2038 tres
422 1974 701 2053 transscriptorum
728 1974 888 2037 nominum
917 1975 1083 2055 3333333333
1111 1977 1250 2052 (buosen,
1280 1996 1412 2056 orimum
1434 1976 1563 2055 primus
1586 1976 1697 2055 prima
1722 1975 1866 2038 nomina'

187 2102 244 2160 rm.
265 2082 403 2154 44-47,
431 2077 511 2141 ulter
526 2097 620 2159 paoo.
651 2080 760 2140 48-7
761 2080 789 2154 5,
813 2079 925 2142 tertius
947 2081 1078 2143 erumna
1099 2079 1305 2160 surmlementi
1326 2079 1371 2161 (p.
1395 2081 1515 2161 1-14)
1538 2079 1764 2158 transscripsit.
1808 2079 1851 2141 In

194 2184 295 2246 codice
309 2183 342 2247 B
356 2188 460 2245 booron
474 2202 590 2262 333333
605 2187 650 2243 est
665 2183 811 2259 uarietas,
827 2204 897 2246 cum
911 2185 1053 2248 inanima
1068 2206 1107 2247 333
1116 2189 1211 2264 parte
1227 2185 1315 2247 nonis
1330 2183 1555 2246 aetditomentis
1570 2182 1729 2246 insenriat.
1772 2179 1851 2244 0333

194 2309 297 2350 ourues
319 2287 378 2349 lum
393 2288 505 2366 partes
527 2286 591 2347 reno
612 2284 768 2348 colum-inc
797 2286 982 2350 coniunctae
1011 2293 1123 2364 essent,
1152 2289 1188 2350 in
1211 2288 1353 2351 orrrnibus
1368 2287 1563 2368 prorniscue,
1590 2292 1689 2367 prout
1711 2287 1851 2367 uinctum

194 2391 354 2453 scribendo
376 2390 517 2466 micabat,
539 2411 638 2468 ((3333
660 2390 704 2451 ad
725 2389 885 2453 3333333333
907 2396 1057 2470 3333333333
1079 2392 1232 2454 (lacinium
1253 2391 1371 2472 fratres
1392 2392 1497 2456 redditi
1511 2396 1595 2467 sunt,
1617 2391 1711 2453 initio
1726 2390 1851 2471 quidem

194 2495 321 2573 siunins
347 2498 376 2556 et
405 2493 574 2573 copiosius,
608 2498 646 2555 ut
678 2494 929 2557 Traiectiuorum
959 2496 1054 2556 series
1082 2496 1148 2557 227
1164 2515 1208 2573 sq.
1239 2499 1268 2556 et
1293 2494 1430 2558 mortales
1451 2494 1585 2558 llcuriei
1607 2494 1671 2571 11„
1694 2497 1759 2556 337
1775 2514 1850 2573 sqq„

189 2604 299 2678 postea
320 2597 528 2679 neoleoentius
549 2602 578 2658 et
600 2598 718 2659 rarius.
763 2597 909 2678 Repetitio
930 2599 1060 2660 nomina
1076 2598 1127 2660 bie
1141 2604 1171 2661 et
1188 2602 1257 2679 ipsa
1272 2599 1424 2678 impressa
1438 2604 1514 2662 snut
1528 2618 1592 2662 non
1605 2597 1705 2660 solum
1720 2602 1853 2677 propter

195 2707 336 2766 mutatas
363 2702 526 2764 nominum
547 2700 667 2780 formas
689 2707 718 2763 et
740 2702 818 2780 quia
844 2703 1040 2781 (antiquiores
1061 2707 1174 2781 nentes
1200 2703 1328 2782 saepius
1356 2703 1535 2783 ‹orooronbo
1563 2701 1764 2781 snrmleutur,
1798 2701 1853 2763 333

196 2807 291 2868 etirem
312 2805 390 2884 quia
412 2826 451 2867 33
473 2809 636 2884 conspectu
660 2805 800 2867 omnium
821 2806 905 2867 ratio
927 2805 1182 2868 transscribentis
1203 2805 1381 2869 dinoscitur
1402 2810 1431 2867 a
1453 2805 1570 2868 certius
1588 2805 1626 2866 33
1641 2805 1686 2868 eis
1701 2804 1853 2884 partibus

196 2908 378 2990 cenomanni,
402 2908 586 2988 quibuscum
604 2908 748 2988 primum
771 2908 929 2989 orernnlar
950 2929 1015 2971 non
1036 2909 1102 2971 iam
1124 2907 1401 2988 diuturniorum,
1425 2908 1600 2987 orsinioncnr
1622 2908 1761 2987 formare
1776 2928 1852 2987 pos-

195 3034 314 3075 sum-us.
374 3011 447 3075 (lod.
482 3009 510 3075 0
538 3010 648 3092 (cadeso
676 3012 921 3091 nouissimum
958 3010 1005 3073 uel
1042 3009 1271 3090 confessionum
1305 3011 1409 3073 sancti
1445 3009 1548 3093 Galli)
1584 3012 1686 3073 eodem
1720 3015 1853 3091 33333333

196 3137 256 3195 quo
278 3115 342 3178 cod.
359 3116 391 3178 A
413 3113 521 3195 frutus
541 3115 638 3176 idest
659 3136 706 3177 33.
728 3117 793 3175 808
815 3114 1047 3178 rdtimisannis
1076 3115 1242 3179 Werdonis
1264 3114 1310 3176 ael
1325 3114 1443 3194 prioris
1472 3113 1630 3192 Woltleoei
1652 3114 1730 3190 abb,
1753 3118 1782 3175 et
1809 3113 1854 3177 ad

196 3219 397 3299 suscipinula
419 3219 549 3282 nourina
571 3240 678 3282 corum
708 3218 863 3298 batnon,
891 3219 948 3299 qui
974 3219 1010 3281 in
1038 3219 1107 3299 insa
1130 3217 1161 3282 S.
1181 3218 1271 3282 Galli
1296 3219 1485 3282 momtsterio
1512 3218 1726 3281 nrormcbicam
1756 3218 1853 3281 eitam

197 3344 265 3385 cura
301 3322 523 3387 monachornm
558 3322 761 3404 reliyionilnes
796 3322 956 3405 elcm'ssent
989 3323 1162 3402 dispositus
1195 3327 1249 3385 est.
1305 3322 1368 3386 Sed
1401 3323 1476 3385 baec
1505 3323 1616 3402 prima
1643 3342 1739 3401 nors,
1774 3342 1855 3401 33333

192 3426 332 3506 piurimis
354 3429 440 3489 1-7
461 3425 669 3507 (375-381,
696 3427 750 3509 12)
772 3426 998 3507 connitentitnr,
1022 3449 1061 3491 (33
1082 3428 1317 3507 antiquioribus
1339 3428 1423 3490 notis
1443 3426 1568 3490 uidetur
1590 3414 1757 3506 carmos-ito
1780 3447 1853 3501 esse,

198 3550 268 3592 3333
299 3530 429 3593 nomina
464 3529 688 3593 (3333333333
715 3531 789 3594 iude
817 3531 857 3594 ab
885 3531 1066 3594 Arulornari
1093 3531 1160 3594 abb.
1189 3530 1377 3610 temporibus
1405 3534 1596 3610 retentorum
1623 3528 1853 3609 conmloctotur.

205 3633 306 3714 Usque
328 3634 372 3697 33
397 3632 558 3696 (irinealdi
580 3638 719 3714 tenuiora
740 3635 964 3698 monachorum
978 3635 1108 3697 nomina
1130 3634 1248 3710 ordine,
1272 3634 1327 3697 333
1334 3638 1445 3713 postca
1460 3633 1678 3697 inordiruttius
1692 3632 1855 3712 subscripta

112 3810 117 3819 ³
197 3743 272 3800 sunt
293 3759 392 3818 eisquc
413 3738 457 3800 33
477 3735 638 3800 saecrdum
660 3737 887 3801 ‹londecimum
934 3738 1034 3801 Initio
1048 3758 1120 3801 cum
1135 3737 1213 3801 libro
1228 3736 1526 3816 coenomanorum
1541 3736 1609 3799 AB
1622 3756 1686 3799 ((333
1701 3734 1856 3798 columine

197 3847 301 3906 noster
322 3842 417 3905 codeu
438 3842 625 3905 coniunctus
646 3846 729 3918 erat,
759 3840 969 3905 similitudino
991 3842 1108 3905 codicis
1128 3841 1313 3922 Arniensis,
1336 3841 1393 3920 qui
1414 3845 1445 3904 et
1466 3841 1533 3920 ipse
1554 3837 1608 3921 (ef.
1633 3840 1680 3916 II,
1703 3842 1765 3902 571
1776 3842 1857 3921 sqq.)

199 3966 263 4009 non
281 3945 382 4010 solum
403 3943 679 4024 confraternitates
699 3945 754 4008 sed
775 3949 805 4008 et
822 3945 1069 4024 rnomissrfonum
1083 3944 1237 4025 torrnulus
1251 3944 1396 4008 continet.
1442 3944 1527 4008 Num
1548 3942 1704 4023 formrelae
1718 3943 1857 4022 promis-

198 4050 322 4113 sionum
344 4049 439 4112 otiam
463 4049 497 4113 in
518 4049 620 4112 codice
643 4048 676 4111 A
697 4048 822 4129 passim
845 4054 1015 4114 occurrunt
1042 4048 1098 4130 (cf.
1115 4050 1143 4126 1,
1166 4050 1216 4125 51,
1238 4048 1382 4130 31-33)
1410 4052 1439 4110 et
1465 4046 1583 4127 similes
1603 4045 1858 4110 intercalationes

199 4154 235 4216 in
265 4157 397 4233 utroqnc
428 4153 531 4216 codice
560 4154 768 4216 incutiuntur·
797 4151 851 4233 (cf.
876 4153 1062 4218 industrius
1093 4174 1164 4239 pec.
1189 4154 1216 4230 I,
1244 4156 1273 4230 1,
1295 4155 1348 4216 24.
1372 4155 1424 4230 37,
1446 4154 1498 4215 21.
1522 4153 1595 4228 388,
1617 4148 1670 4213 4*.
1693 4151 1767 4228 394,
1789 4153 1857 4234 23).

200 4254 292 4320 Nibil
317 4254 417 4336 officit
442 4256 526 4336 quod
553 4255 657 4334 lorum
678 4256 796 4319 codicis
814 4256 846 4319 A
867 4257 971 4320 minor
993 4261 1038 4319 est
1059 4277 1135 4319 ruem
1157 4277 1227 4320 eum
1248 4276 1319 4320 cum
1341 4254 1529 4337 relioarctur
1549 4252 1630 4333 falce
1652 4253 1741 4317 raldo
1762 4255 1857 4318 muti-

202 4359 300 4423 latum
327 4379 392 4422 esse
420 4359 483 4422 iam
513 4358 685 4423 docuimus.
734 4360 820 4440 Quin
841 4360 936 4423 etiam
962 4359 1121 4423 Goldastii
1147 4365 1280 4439 tempore
1308 4359 1427 4422 codices
1449 4357 1549 4424 ABG
1572 4358 1735 4422 coniuncti
1757 4363 1858 4435 erant,

147 4460 150 4465 ’
202 4484 275 4526 nam
294 4461 479 4527 Goldeistins
500 4462 575 4544 (rer.
592 4461 698 4526 33333.
713 4483 754 4525 33.
770 4463 820 4540 ΙΙ,
830 4484 865 4543 p.
882 4465 961 4545 141)
983 4463 1021 4526 dc
1035 4483 1099 4527 uno
1114 4467 1240 4526 tantum
1254 4463 1357 4527 codice
1372 4461 1512 4543 loquitur
1526 4482 1587 4542 quo
1601 4462 1646 4525 33
1664 4461 1859 4542 3333333333

98 4590 104 4605 ’
202 4567 307 4647 cupito
329 4565 388 4629 IV
404 4566 568 4629 nominum
591 4567 818 4630 teutonicorum
839 4587 919 4630 usus
940 4567 998 4644 sit,·
1019 4565 1227 4630 nibibuninus
1249 4587 1320 4629 33333
1341 4565 1485 4629 munibus
1506 4565 1557 4628 bis
1579 4566 1681 4629 tribus
1702 4565 1860 4630 codicibus

202 4691 295 4734 ((3333
315 4691 379 4734 esse
400 4669 489 4749 infru
505 4670 707 4734 ostendemus.
722 4709 760 4717 -
779 4670 890 4735 Omnes
906 4675 967 4733 tres
982 4670 1101 4733 codices
1114 4690 1179 4733 non
1193 4671 1329 4750 inteoros
1340 4691 1403 4734 3333
1418 4671 1562 4750 sequ-itur
1585 4674 1613 4734 1.
1632 4690 1670 4734 en
1686 4668 1859 4749 confrater·

203 4773 315 4836 nibet-is
342 4771 488 4852 sonantis
515 4794 597 4853 quas
617 4773 654 4836 in
680 4773 899 4854 oppurdicel.
922 4773 1025 4836 adieci
1050 4776 1079 4836 et
1104 4793 1241 4853 quonum
1262 4773 1393 4837 nomina
1420 4793 1485 4838 non
1512 4774 1619 4837 omnio
1647 4774 1683 4837 in
1712 4773 1862 4855 33333933

203 4877 334 4955 remeriri
357 4882 509 4957 possunt;
540 4879 571 4940 2.
600 4898 639 4940 cn
669 4875 793 4940 lacunis
823 4876 964 4940 codicum
998 4897 1079 4957 qmts
1104 4897 1205 4957 sinna
1238 4876 1480 4954 delincuoimum
1518 4881 1548 4940 3.
1572 4899 1610 4941 33
1641 4878 1686 4941 eis
1718 4898 1799 4959 33333
1825 4877 1862 4941 in

204 4980 267 5043 333.
289 4981 355 5042 453
386 4981 427 5062 (o.
451 4979 541 5059 infra
563 4978 612 5063 D)
642 4980 679 5043 de
708 4980 870 5044 nrorraclris
897 5001 968 5043 cum
997 4978 1254 5062 Sanoollmsibus
1280 4971 1540 5061 confraternitate
1568 4982 1745 5046 con-iunctis
1775 4981 1861 5045 dicto

204 5088 294 5160 suut‚·
315 5086 345 5146 4.
366 5071 407 5146 en
424 5082 584 5147 Golclastii
598 5083 734 5163 scriptis,
758 5084 795 5147 de
817 5083 931 5164 quibus
952 5082 1042 5162 infra
1056 5088 1176 5165 noctur.
1224 5083 1310 5164 thid
1323 5084 1518 5165 elcnerditum
1533 5085 1576 5148 sit
1589 5104 1675 5148 nnnc
1689 5084 1861 5164 anquiren

205 5186 279 5249 3333
301 5191 347 5249 est
372 5191 402 5250 et
423 5207 501 5249 mun
529 5186 607 5266 quid
628 5185 746 5250 olicrrbi
769 5187 1005 5267 3333333333333
1021 5188 1169 5268 partium
1191 5192 1349 5252 seruatum
1371 5189 1422 5252 sit.

317 5289 374 5355 Usi
394 5295 470 5353 sunt
492 5290 595 5354 codice
614 5312 713 5371 nsqm
728 5291 772 5354 33
785 5293 880 5371 tinem
893 5292 1112 5372 preeccedentis
1127 5290 1246 5355 3333333
1261 5289 1462 5372 scomma,
1478 5290 1633 5373 Aeoidius
1648 5290 1686 5353 33
1703 5288 1859 5371 Tscbrutu,

209 5392 406 5469 lloldostins,
429 5392 654 5472 Mabitlonius,
677 5395 871 5472 Eccurdins‚
900 5395 949 5459 M.
972 5395 1234 5460 Hobenbaumius
1255 5417 1318 5458 van
1340 5396 1395 5459 der
1416 5395 1519 5472 Meer,
1542 5400 1571 5459 et
1593 5392 1860 5474 Scbnrirltfeldius.

207 5496 277 5560 Jolu
293 5497 378 5560 llud.
396 5496 540 5577 Stunmti'
549 5498 734 5580 (Genuciner
751 5498 914 5563 Lbbliclrer
929 5499 1183 5582 Euelqcnoscltaft
1198 5499 1316 5566 Stetten
1331 5500 1465 5564 Londeu
1480 5499 1548 5563 und
1566 5494 1698 5561 Volleeru
1713 5495 1862 5561 0133333-

210 5601 361 5682 (333333933
376 5601 732 5684 333333333333333333.
777 5602 895 5666 Ziiricb
917 5605 1017 5686 1548)
1036 5606 1073 5668 in
1092 5606 1155 5684 fine
1175 5604 1249 5667 libri
1271 5604 1380 5683 quarti·
1394 5605 1440 5667 27
1453 5604 1584 5666 nomina
1598 5600 1759 5663 bominum
1775 5606 1804 5663 et
1820 5603 1864 5664 28

209 5703 397 5784 1333333333(-
412 5711 574 5769 333333333
598 5705 686 5787 „auss
705 5706 768 5770 den
785 5707 919 5772 altisten
935 5706 1233 5794 barzoytbiioherm
1256 5706 1321 5770 vnd
1337 5705 1412 5770 dem
1430 5702 1677 5791 eynschreyben
1695 5702 1754 5766 der
1770 5703 1862 5767 Seel-
