<?xml version="1.0" encoding="UTF-8"?>
<!DOCTYPE html PUBLIC "-//W3C//DTD XHTML 1.0 Transitional//EN"
    "http://www.w3.org/TR/xhtml1/DTD/xhtml1-transitional.dtd">
<html xmlns="http://www.w3.org/1999/xhtml" xml:lang="en" lang="en">
 <head>
  <title>
</title>
<meta http-equiv="Content-Type" content="text/html;charset=utf-8" />
  <meta name='ocr-system' content='tesseract 3.04.00' />
  <meta name='ocr-capabilities' content='ocr_page ocr_carea ocr_par ocr_line ocrx_word'/>
</head>
<body>
  <div class='ocr_page' id='page_1' title='image "./monumentagerman05mittgoog_0145.png"; bbox 0 0 4508 6532; ppageno 0'>
   <div class='ocr_carea' id='block_1_1' title="bbox 317 435 2183 668">
    <p class='ocr_par' dir='ltr' id='par_1_1' title="bbox 317 435 2183 668">
     <span class='ocr_line' id='line_1_1' title="bbox 317 435 2183 506; baseline -0.004 -9"><span class='ocrx_word' id='word_1_1' title='bbox 317 439 376 500; x_wconf 74' lang='lat'>126</span> <span class='ocrx_word' id='word_1_2' title='bbox 1736 450 1800 504; x_wconf 75' lang='lat' dir='ltr'>pag.</span> <span class='ocrx_word' id='word_1_3' title='bbox 1818 435 1879 490; x_wconf 85' lang='lat' dir='ltr'>cod.</span> <span class='ocrx_word' id='word_1_4' title='bbox 1898 453 1986 506; x_wconf 88' lang='lat' dir='ltr'>prom.</span> <span class='ocrx_word' id='word_1_5' title='bbox 2006 452 2087 505; x_wconf 81' lang='lat' dir='ltr'>sang.</span> <span class='ocrx_word' id='word_1_6' title='bbox 2107 437 2183 491; x_wconf 83' lang='lat' dir='ltr'>XVI.</span> 
     </span>
     <span class='ocr_line' id='line_1_2' title="bbox 1205 601 1279 668; baseline 0.054 -15"><span class='ocrx_word' id='word_1_7' title='bbox 1205 601 1279 668; x_wconf 78' lang='lat' dir='ltr'>(scot</span> 
     </span>
    </p>
   </div>
   <div class='ocr_carea' id='block_1_2' title="bbox 326 738 1973 1172">
    <p class='ocr_par' dir='ltr' id='par_1_2' title="bbox 326 738 1973 1172">
     <span class='ocr_line' id='line_1_3' title="bbox 356 738 1827 825; baseline 0.003 -21"><span class='ocrx_word' id='word_1_8' title='bbox 356 740 488 824; x_wconf 83' lang='lat' dir='ltr'>†*Ego</span> <span class='ocrx_word' id='word_1_9' title='bbox 510 740 642 804; x_wconf 82' lang='lat' dir='ltr'>Einrich</span> <span class='ocrx_word' id='word_1_10' title='bbox 667 741 819 825; x_wconf 83' lang='lat' dir='ltr'><strong>promitto</strong></span> <span class='ocrx_word' id='word_1_11' title='bbox 842 741 1054 804; x_wconf 83' lang='lat' dir='ltr'>stabilitatem</span> <span class='ocrx_word' id='word_1_12' title='bbox 1078 760 1184 803; x_wconf 89' lang='lat' dir='ltr'>meam</span> <span class='ocrx_word' id='word_1_13' title='bbox 1209 745 1243 803; x_wconf 91' lang='lat' dir='ltr'>et</span> <span class='ocrx_word' id='word_1_14' title='bbox 1266 738 1509 802; x_wconf 86' lang='lat' dir='ltr'>conversionem</span> <span class='ocrx_word' id='word_1_15' title='bbox 1534 761 1657 806; x_wconf 90' lang='lat' dir='ltr'>morum</span> <span class='ocrx_word' id='word_1_16' title='bbox 1681 764 1827 808; x_wconf 89' lang='lat' dir='ltr'>meorum</span> 
     </span>
     <span class='ocr_line' id='line_1_4' title="bbox 469 822 1965 911; baseline 0.004 -22"><span class='ocrx_word' id='word_1_17' title='bbox 469 833 502 889; x_wconf 88' lang='lat' dir='ltr'>ct</span> <span class='ocrx_word' id='word_1_18' title='bbox 523 825 759 891; x_wconf 81' lang='lat' dir='ltr'>oboedientiam</span> <span class='ocrx_word' id='word_1_19' title='bbox 784 827 961 891; x_wconf 88' lang='lat' dir='ltr'>secundum</span> <span class='ocrx_word' id='word_1_20' title='bbox 984 828 1131 911; x_wconf 84' lang='lat' dir='ltr'>regulam</span> <span class='ocrx_word' id='word_1_21' title='bbox 1156 827 1259 889; x_wconf 87' lang='lat' dir='ltr'>sancti</span> <span class='ocrx_word' id='word_1_22' title='bbox 1283 822 1453 888; x_wconf 87' lang='lat' dir='ltr'>Benedicti</span> <span class='ocrx_word' id='word_1_23' title='bbox 1477 845 1584 890; x_wconf 89' lang='lat' dir='ltr'>coram</span> <span class='ocrx_word' id='word_1_24' title='bbox 1607 827 1668 892; x_wconf 91' lang='lat' dir='ltr'>deo</span> <span class='ocrx_word' id='word_1_25' title='bbox 1691 838 1726 894; x_wconf 89' lang='lat' dir='ltr'>et</span> <span class='ocrx_word' id='word_1_26' title='bbox 1748 833 1869 895; x_wconf 88' lang='lat' dir='ltr'>sanetis</span> <span class='ocrx_word' id='word_1_27' title='bbox 1893 833 1965 896; x_wconf 86' lang='lat' dir='ltr'>eius</span> 
     </span>
     <span class='ocr_line' id='line_1_5' title="bbox 356 911 1817 998; baseline 0.004 -24"><span class='ocrx_word' id='word_1_28' title='bbox 356 912 376 994; x_wconf 82' lang='lat'>†</span> <span class='ocrx_word' id='word_1_29' title='bbox 398 911 488 996; x_wconf 83' lang='lat' dir='ltr'>*Ego</span> <span class='ocrx_word' id='word_1_30' title='bbox 511 913 635 977; x_wconf 90' lang='lat' dir='ltr'>Notker</span> <span class='ocrx_word' id='word_1_31' title='bbox 658 913 810 998; x_wconf 89' lang='lat' dir='ltr'>promitto</span> <span class='ocrx_word' id='word_1_32' title='bbox 834 912 1045 977; x_wconf 82' lang='lat' dir='ltr'>stabilitatem</span> <span class='ocrx_word' id='word_1_33' title='bbox 1069 931 1173 976; x_wconf 89' lang='lat' dir='ltr'>meam</span> <span class='ocrx_word' id='word_1_34' title='bbox 1197 919 1230 975; x_wconf 91' lang='lat' dir='ltr'>et</span> <span class='ocrx_word' id='word_1_35' title='bbox 1253 911 1501 975; x_wconf 89' lang='lat' dir='ltr'>conversionem</span> <span class='ocrx_word' id='word_1_36' title='bbox 1523 935 1648 978; x_wconf 88' lang='lat' dir='ltr'>morum</span> <span class='ocrx_word' id='word_1_37' title='bbox 1671 936 1817 980; x_wconf 89' lang='lat' dir='ltr'>meorum</span> 
     </span>
     <span class='ocr_line' id='line_1_6' title="bbox 466 997 1973 1084; baseline 0.003 -21"><span class='ocrx_word' id='word_1_38' title='bbox 466 1006 501 1063; x_wconf 90' lang='lat' dir='ltr'>et</span> <span class='ocrx_word' id='word_1_39' title='bbox 523 999 760 1064; x_wconf 84' lang='lat' dir='ltr'>oboedientiam</span> <span class='ocrx_word' id='word_1_40' title='bbox 785 1000 964 1063; x_wconf 88' lang='lat' dir='ltr'>secundum</span> <span class='ocrx_word' id='word_1_41' title='bbox 988 999 1134 1084; x_wconf 83' lang='lat' dir='ltr'>regulam</span> <span class='ocrx_word' id='word_1_42' title='bbox 1158 999 1262 1062; x_wconf 91' lang='lat' dir='ltr'>sancti</span> <span class='ocrx_word' id='word_1_43' title='bbox 1287 997 1459 1061; x_wconf 86' lang='lat' dir='ltr'>Benedicti</span> <span class='ocrx_word' id='word_1_44' title='bbox 1483 1019 1592 1064; x_wconf 88' lang='lat' dir='ltr'>coram</span> <span class='ocrx_word' id='word_1_45' title='bbox 1616 1000 1678 1066; x_wconf 90' lang='lat' dir='ltr'>deo</span> <span class='ocrx_word' id='word_1_46' title='bbox 1701 1007 1734 1064; x_wconf 90' lang='lat' dir='ltr'>ct</span> <span class='ocrx_word' id='word_1_47' title='bbox 1756 1006 1877 1067; x_wconf 85' lang='lat' dir='ltr'>sanctis</span> <span class='ocrx_word' id='word_1_48' title='bbox 1901 1005 1973 1067; x_wconf 90' lang='lat' dir='ltr'>eius</span> 
     </span>
     <span class='ocr_line' id='line_1_7' title="bbox 326 1083 1686 1172; baseline 0.003 -24"><span class='ocrx_word' id='word_1_49' title='bbox 326 1083 375 1168; x_wconf 68' lang='lat' dir='ltr'>a†</span> <span class='ocrx_word' id='word_1_50' title='bbox 398 1083 488 1168; x_wconf 76' lang='lat' dir='ltr'>*Ego</span> <span class='ocrx_word' id='word_1_51' title='bbox 510 1086 672 1172; x_wconf 83' lang='lat' dir='ltr'>Adelpert</span> <span class='ocrx_word' id='word_1_52' title='bbox 694 1086 847 1170; x_wconf 88' lang='lat' dir='ltr'>promitto</span> <span class='ocrx_word' id='word_1_53' title='bbox 873 1086 1083 1149; x_wconf 83' lang='lat' dir='ltr'>stabilitatem</span> <span class='ocrx_word' id='word_1_54' title='bbox 1107 1107 1212 1149; x_wconf 90' lang='lat' dir='ltr'>meam</span> <span class='ocrx_word' id='word_1_55' title='bbox 1235 1092 1269 1149; x_wconf 90' lang='lat' dir='ltr'>et</span> <span class='ocrx_word' id='word_1_56' title='bbox 1292 1085 1538 1149; x_wconf 83' lang='lat' dir='ltr'>conversionem</span> <span class='ocrx_word' id='word_1_57' title='bbox 1562 1108 1686 1152; x_wconf 87' lang='lat' dir='ltr'>morum</span> 
     </span>
    </p>
   </div>
   <div class='ocr_carea' id='block_1_3' title="bbox 465 1170 1761 1255">
    <p class='ocr_par' dir='ltr' id='par_1_3' title="bbox 465 1170 1761 1255">
     <span class='ocr_line' id='line_1_8' title="bbox 465 1170 1761 1255; baseline 0.001 -20"><span class='ocrx_word' id='word_1_58' title='bbox 465 1193 609 1236; x_wconf 88' lang='lat' dir='ltr'>meorum</span> <span class='ocrx_word' id='word_1_59' title='bbox 633 1178 666 1236; x_wconf 92' lang='lat' dir='ltr'>et</span> <span class='ocrx_word' id='word_1_60' title='bbox 689 1171 932 1236; x_wconf 89' lang='lat' dir='ltr'>oboedientiam</span> <span class='ocrx_word' id='word_1_61' title='bbox 957 1172 1134 1235; x_wconf 91' lang='lat' dir='ltr'>secundum</span> <span class='ocrx_word' id='word_1_62' title='bbox 1156 1173 1304 1255; x_wconf 83' lang='lat' dir='ltr'>regulam</span> <span class='ocrx_word' id='word_1_63' title='bbox 1330 1171 1433 1234; x_wconf 90' lang='lat' dir='ltr'>sancti</span> <span class='ocrx_word' id='word_1_64' title='bbox 1456 1170 1627 1238; x_wconf 90' lang='lat' dir='ltr'>Benedicti</span> <span class='ocrx_word' id='word_1_65' title='bbox 1651 1195 1761 1238; x_wconf 89' lang='lat' dir='ltr'>coram</span> 
     </span>
    </p>
   </div>
   <div class='ocr_carea' id='block_1_4' title="bbox 877 1255 1575 1395">
    <p class='ocr_par' dir='ltr' id='par_1_4' title="bbox 877 1255 1575 1395">
     <span class='ocr_line' id='line_1_9' title="bbox 877 1255 1575 1395; baseline 0.004 -18"><span class='ocrx_word' id='word_1_66' title='bbox 877 1281 1057 1346; x_wconf 56' lang='lat' dir='ltr'>*soal</span> <span class='ocrx_word' id='word_1_67' title='bbox 1316 1281 1421 1366; x_wconf 60' lang='lat' dir='ltr'>aa</span> <span class='ocrx_word' id='word_1_68' title='bbox 1444 1255 1575 1395; x_wconf 68' lang='lat' dir='ltr'>item</span> 
     </span>
    </p>
   </div>
   <div class='ocr_carea' id='block_1_5' title="bbox 237 1393 2185 1983">
    <p class='ocr_par' dir='ltr' id='par_1_5' title="bbox 237 1393 2185 1983">
     <span class='ocr_line' id='line_1_10' title="bbox 468 1393 1538 1479; baseline -0.002 -18"><span class='ocrx_word' id='word_1_69' title='bbox 468 1398 530 1461; x_wconf 91' lang='lat' dir='ltr'>deo</span> <span class='ocrx_word' id='word_1_70' title='bbox 553 1403 587 1460; x_wconf 92' lang='lat' dir='ltr'>et</span> <span class='ocrx_word' id='word_1_71' title='bbox 610 1396 730 1460; x_wconf 91' lang='lat' dir='ltr'>sanctis</span> <span class='ocrx_word' id='word_1_72' title='bbox 755 1396 836 1459; x_wconf 89' lang='lat' dir='ltr'>eius.</span> <span class='ocrx_word' id='word_1_73' title='bbox 881 1394 999 1457; x_wconf 78' lang='lat' dir='ltr'>*Aamt</span> <span class='ocrx_word' id='word_1_74' title='bbox 1043 1394 1155 1476; x_wconf 78' lang='lat' dir='ltr'>†*e90</span> <span class='ocrx_word' id='word_1_75' title='bbox 1177 1394 1295 1458; x_wconf 77' lang='lat' dir='ltr'>Notlei·</span> <span class='ocrx_word' id='word_1_76' title='bbox 1339 1393 1408 1474; x_wconf 70' lang='lat' dir='ltr'>*epo</span> <span class='ocrx_word' id='word_1_77' title='bbox 1436 1394 1538 1479; x_wconf 65' lang='lat' dir='ltr'>illei</span> 
     </span>
     <span class='ocr_line' id='line_1_11' title="bbox 237 1481 734 1563; baseline 0.002 -17"><span class='ocrx_word' id='word_1_78' title='bbox 237 1505 241 1511; x_wconf 57' lang='lat'><strong>⁴</strong></span> <span class='ocrx_word' id='word_1_79' title='bbox 399 1482 572 1547; x_wconf 65' lang='lat' dir='ltr'>*Hemiicb</span> <span class='ocrx_word' id='word_1_80' title='bbox 595 1481 734 1563; x_wconf 71' lang='lat' dir='ltr'>Sipebota</span> 
     </span>
     <span class='ocr_line' id='line_1_12' title="bbox 311 1566 1479 1653; baseline -0.001 -20"><span class='ocrx_word' id='word_1_81' title='bbox 311 1568 520 1652; x_wconf 75' lang='lat' dir='ltr'><strong>10†*KAL.</strong></span> <span class='ocrx_word' id='word_1_82' title='bbox 543 1568 643 1634; x_wconf 73' lang='lat' dir='ltr'>mni.</span> <span class='ocrx_word' id='word_1_83' title='bbox 688 1566 903 1631; x_wconf 82' lang='lat' dir='ltr'>WIBBRAT</span> <span class='ocrx_word' id='word_1_84' title='bbox 928 1568 1056 1631; x_wconf 83' lang='lat' dir='ltr'>reclusa</span> <span class='ocrx_word' id='word_1_85' title='bbox 1078 1588 1097 1629; x_wconf 86' lang='lat' dir='ltr'>a</span> <span class='ocrx_word' id='word_1_86' title='bbox 1120 1568 1257 1652; x_wconf 87' lang='lat' dir='ltr'>paganis</span> <span class='ocrx_word' id='word_1_87' title='bbox 1282 1568 1479 1653; x_wconf 85' lang='lat' dir='ltr'>interempta</span> 
     </span>
     <span class='ocr_line' id='line_1_13' title="bbox 353 1652 2185 1791; baseline -0.001 -71"><span class='ocrx_word' id='word_1_88' title='bbox 353 1655 373 1738; x_wconf 89' lang='lat'><strong>†</strong></span> <span class='ocrx_word' id='word_1_89' title='bbox 396 1655 484 1737; x_wconf 84' lang='lat' dir='ltr'>*qu</span> <span class='ocrx_word' id='word_1_90' title='bbox 508 1655 640 1720; x_wconf 76' lang='lat' dir='ltr'>iliatam</span> <span class='ocrx_word' id='word_1_91' title='bbox 684 1652 857 1718; x_wconf 76' lang='lat' dir='ltr'>*Heinrich</span> <span class='ocrx_word' id='word_1_92' title='bbox 880 1652 1035 1717; x_wconf 80' lang='lat' dir='ltr'>Kerbircb</span> <span class='ocrx_word' id='word_1_93' title='bbox 1279 1737 1313 1791; x_wconf 40' lang='lat' dir='ltr'>&#39;C</span> <span class='ocrx_word' id='word_1_94' title='bbox 1349 1655 1506 1790; x_wconf 55' lang='grc' dir='ltr'>Τθῃῡὶειιη</span> <span class='ocrx_word' id='word_1_95' title='bbox 1523 1655 1702 1719; x_wconf 89' lang='lat' dir='ltr'>secundum</span> <span class='ocrx_word' id='word_1_96' title='bbox 1717 1657 1863 1740; x_wconf 85' lang='lat' dir='ltr'>regulam</span> <span class='ocrx_word' id='word_1_97' title='bbox 1880 1657 1986 1721; x_wconf 84' lang='lat' dir='ltr'>sancti</span> <span class='ocrx_word' id='word_1_98' title='bbox 2002 1656 2185 1721; x_wconf 89' lang='lat' dir='ltr'>Benedicti</span> 
     </span>
     <span class='ocr_line' id='line_1_14' title="bbox 1315 1754 1397 1791; baseline -0.012 0"><span class='ocrx_word' id='word_1_99' title='bbox 1315 1754 1356 1791; x_wconf 81' lang='lat' dir='ltr'>ecl</span> <span class='ocrx_word' id='word_1_100' title='bbox 1369 1754 1397 1790; x_wconf 78' lang='lat' dir='ltr'>la</span> 
     </span>
     <span class='ocr_line' id='line_1_15' title="bbox 397 1807 2053 1897; baseline 0.001 -22"><span class='ocrx_word' id='word_1_101' title='bbox 397 1811 486 1897; x_wconf 81' lang='lat' dir='ltr'>*Ego</span> <span class='ocrx_word' id='word_1_102' title='bbox 509 1810 671 1876; x_wconf 89' lang='lat' dir='ltr'>Purchart</span> <span class='ocrx_word' id='word_1_103' title='bbox 694 1808 848 1896; x_wconf 86' lang='lat' dir='ltr'>promitto</span> <span class='ocrx_word' id='word_1_104' title='bbox 872 1807 1085 1872; x_wconf 90' lang='lat' dir='ltr'>stabilitatem</span> <span class='ocrx_word' id='word_1_105' title='bbox 1109 1828 1215 1872; x_wconf 88' lang='lat' dir='ltr'>meam</span> <span class='ocrx_word' id='word_1_106' title='bbox 1238 1815 1271 1872; x_wconf 87' lang='lat' dir='ltr'>et</span> <span class='ocrx_word' id='word_1_107' title='bbox 1294 1809 1540 1873; x_wconf 84' lang='lat' dir='ltr'>conversionem</span> <span class='ocrx_word' id='word_1_108' title='bbox 1563 1831 1689 1874; x_wconf 91' lang='lat' dir='ltr'>morum</span> <span class='ocrx_word' id='word_1_109' title='bbox 1711 1832 1856 1875; x_wconf 88' lang='lat' dir='ltr'>meomm</span> <span class='ocrx_word' id='word_1_110' title='bbox 1880 1817 1913 1876; x_wconf 90' lang='lat' dir='ltr'>et</span> <span class='ocrx_word' id='word_1_111' title='bbox 1936 1811 2053 1876; x_wconf 92' lang='lat' dir='ltr'>obedi-</span> 
     </span>
     <span class='ocr_line' id='line_1_16' title="bbox 396 1893 1783 1983; baseline -0.001 -22"><span class='ocrx_word' id='word_1_112' title='bbox 396 1896 467 1983; x_wconf 85' lang='lat' dir='ltr'>Ego</span> <span class='ocrx_word' id='word_1_113' title='bbox 490 1897 597 1961; x_wconf 89' lang='lat' dir='ltr'>Ruom</span> <span class='ocrx_word' id='word_1_114' title='bbox 620 1897 772 1983; x_wconf 90' lang='lat' dir='ltr'>promitto</span> <span class='ocrx_word' id='word_1_115' title='bbox 795 1893 1007 1959; x_wconf 89' lang='lat' dir='ltr'>stabilitatem</span> <span class='ocrx_word' id='word_1_116' title='bbox 1030 1915 1138 1957; x_wconf 91' lang='lat' dir='ltr'>meam</span> <span class='ocrx_word' id='word_1_117' title='bbox 1161 1901 1194 1957; x_wconf 87' lang='lat' dir='ltr'>et</span> <span class='ocrx_word' id='word_1_118' title='bbox 1216 1895 1463 1960; x_wconf 87' lang='lat' dir='ltr'>conversionem</span> <span class='ocrx_word' id='word_1_119' title='bbox 1486 1917 1612 1962; x_wconf 90' lang='lat' dir='ltr'>morum</span> <span class='ocrx_word' id='word_1_120' title='bbox 1635 1917 1783 1961; x_wconf 90' lang='lat' dir='ltr'>meorum</span> 
     </span>
    </p>
   </div>
   <div class='ocr_carea' id='block_1_6' title="bbox 465 1980 1944 2065">
    <p class='ocr_par' dir='ltr' id='par_1_6' title="bbox 465 1980 1944 2065">
     <span class='ocr_line' id='line_1_17' title="bbox 465 1980 1944 2065; baseline -0.001 -15"><span class='ocrx_word' id='word_1_121' title='bbox 465 1992 497 2050; x_wconf 94' lang='lat' dir='ltr'>et</span> <span class='ocrx_word' id='word_1_122' title='bbox 519 1983 736 2064; x_wconf 77' lang='lat' dir='ltr'>obedientiam</span> <span class='ocrx_word' id='word_1_123' title='bbox 760 1980 940 2046; x_wconf 89' lang='lat' dir='ltr'>secundum</span> <span class='ocrx_word' id='word_1_124' title='bbox 965 1980 1111 2065; x_wconf 80' lang='lat' dir='ltr'>regulam</span> <span class='ocrx_word' id='word_1_125' title='bbox 1135 1980 1238 2045; x_wconf 85' lang='lat' dir='ltr'>sancti</span> <span class='ocrx_word' id='word_1_126' title='bbox 1262 1980 1433 2047; x_wconf 87' lang='lat' dir='ltr'>Benedicti</span> <span class='ocrx_word' id='word_1_127' title='bbox 1456 2003 1563 2047; x_wconf 85' lang='lat' dir='ltr'>coram</span> <span class='ocrx_word' id='word_1_128' title='bbox 1586 1983 1648 2049; x_wconf 87' lang='lat' dir='ltr'>deo</span> <span class='ocrx_word' id='word_1_129' title='bbox 1671 1989 1704 2049; x_wconf 90' lang='lat' dir='ltr'>et</span> <span class='ocrx_word' id='word_1_130' title='bbox 1727 1985 1848 2050; x_wconf 89' lang='lat' dir='ltr'>sanctis</span> <span class='ocrx_word' id='word_1_131' title='bbox 1874 1985 1944 2049; x_wconf 89' lang='lat' dir='ltr'>eius</span> 
     </span>
    </p>
   </div>
   <div class='ocr_carea' id='block_1_7' title="bbox 765 2066 786 2149">
    <p class='ocr_par' dir='ltr' id='par_1_7' title="bbox 765 2066 786 2149">
     <span class='ocr_line' id='line_1_18' title="bbox 765 2066 786 2149; baseline 0 0"><span class='ocrx_word' id='word_1_132' title='bbox 765 2066 786 2149; x_wconf 81' lang='lat' dir='ltr'>i</span> 
     </span>
    </p>
   </div>
   <div class='ocr_carea' id='block_1_8' title="bbox 309 2151 1726 2241">
    <p class='ocr_par' dir='ltr' id='par_1_8' title="bbox 309 2151 1726 2241">
     <span class='ocr_line' id='line_1_19' title="bbox 309 2151 1726 2241; baseline -0.003 -16"><span class='ocrx_word' id='word_1_133' title='bbox 309 2188 338 2227; x_wconf 76' lang='lat' dir='ltr'>ss</span> <span class='ocrx_word' id='word_1_134' title='bbox 396 2156 469 2241; x_wconf 83' lang='lat' dir='ltr'>Ego</span> <span class='ocrx_word' id='word_1_135' title='bbox 492 2157 588 2221; x_wconf 85' lang='lat' dir='ltr'>Anno</span> <span class='ocrx_word' id='word_1_136' title='bbox 633 2154 706 2238; x_wconf 85' lang='lat' dir='ltr'>Ego</span> <span class='ocrx_word' id='word_1_137' title='bbox 729 2153 864 2218; x_wconf 87' lang='lat' dir='ltr'>Hadtho</span> <span class='ocrx_word' id='word_1_138' title='bbox 888 2153 1039 2238; x_wconf 90' lang='lat' dir='ltr'>promitto</span> <span class='ocrx_word' id='word_1_139' title='bbox 1063 2151 1274 2218; x_wconf 87' lang='lat' dir='ltr'>stabilitatem</span> <span class='ocrx_word' id='word_1_140' title='bbox 1297 2173 1403 2219; x_wconf 89' lang='lat' dir='ltr'>meam</span> <span class='ocrx_word' id='word_1_141' title='bbox 1427 2160 1460 2217; x_wconf 92' lang='lat' dir='ltr'>et</span> <span class='ocrx_word' id='word_1_142' title='bbox 1483 2157 1726 2221; x_wconf 86' lang='lat' dir='ltr'>conversionem</span> 
     </span>
    </p>
   </div>
   <div class='ocr_carea' id='block_1_9' title="bbox 394 2324 1998 2585">
    <p class='ocr_par' dir='ltr' id='par_1_9' title="bbox 394 2324 1998 2585">
     <span class='ocr_line' id='line_1_20' title="bbox 394 2324 1998 2414; baseline 0 -22"><span class='ocrx_word' id='word_1_143' title='bbox 394 2328 467 2413; x_wconf 85' lang='lat' dir='ltr'>Ego</span> <span class='ocrx_word' id='word_1_144' title='bbox 491 2327 607 2394; x_wconf 89' lang='lat' dir='ltr'>Werin</span> <span class='ocrx_word' id='word_1_145' title='bbox 900 2345 1027 2388; x_wconf 88' lang='lat' dir='ltr'>morum</span> <span class='ocrx_word' id='word_1_146' title='bbox 1050 2345 1197 2390; x_wconf 87' lang='lat' dir='ltr'>meorum</span> <span class='ocrx_word' id='word_1_147' title='bbox 1219 2331 1252 2389; x_wconf 89' lang='lat' dir='ltr'>ct</span> <span class='ocrx_word' id='word_1_148' title='bbox 1274 2324 1494 2391; x_wconf 88' lang='lat' dir='ltr'>obedientiam</span> <span class='ocrx_word' id='word_1_149' title='bbox 1519 2327 1697 2394; x_wconf 91' lang='lat' dir='ltr'>secundum</span> <span class='ocrx_word' id='word_1_150' title='bbox 1720 2330 1870 2414; x_wconf 81' lang='lat' dir='ltr'>regulam</span> <span class='ocrx_word' id='word_1_151' title='bbox 1893 2331 1998 2393; x_wconf 89' lang='lat' dir='ltr'>sancti</span> 
     </span>
     <span class='ocr_line' id='line_1_21' title="bbox 395 2414 1392 2585; baseline -0.004 -21"><span class='ocrx_word' id='word_1_152' title='bbox 395 2501 467 2585; x_wconf 82' lang='lat' dir='ltr'>Ego</span> <span class='ocrx_word' id='word_1_153' title='bbox 489 2414 604 2566; x_wconf 77' lang='lat' dir='ltr'>Alirie</span> <span class='ocrx_word' id='word_1_154' title='bbox 648 2498 720 2582; x_wconf 84' lang='lat' dir='ltr'>Ego</span> <span class='ocrx_word' id='word_1_155' title='bbox 742 2497 842 2562; x_wconf 85' lang='lat' dir='ltr'>Erich</span> <span class='ocrx_word' id='word_1_156' title='bbox 865 2497 885 2582; x_wconf 86' lang='lat'><strong>†</strong></span> <span class='ocrx_word' id='word_1_157' title='bbox 909 2518 970 2583; x_wconf 88' lang='lat' dir='ltr'>ego</span> <span class='ocrx_word' id='word_1_158' title='bbox 993 2495 1128 2561; x_wconf 84' lang='lat' dir='ltr'>Albrich</span> <span class='ocrx_word' id='word_1_159' title='bbox 1150 2495 1170 2580; x_wconf 84' lang='lat'>†</span> <span class='ocrx_word' id='word_1_160' title='bbox 1193 2516 1256 2582; x_wconf 87' lang='lat' dir='ltr'>ego</span> <span class='ocrx_word' id='word_1_161' title='bbox 1278 2495 1392 2561; x_wconf 81' lang='lat' dir='ltr'>Kestri</span> 
     </span>
    </p>
   </div>
   <div class='ocr_carea' id='block_1_10' title="bbox 310 2669 1944 2996">
    <p class='ocr_par' dir='ltr' id='par_1_10' title="bbox 310 2669 1944 2996">
     <span class='ocr_line' id='line_1_22' title="bbox 395 2669 1865 2758; baseline 0.001 -23"><span class='ocrx_word' id='word_1_162' title='bbox 395 2672 486 2758; x_wconf 82' lang='lat' dir='ltr'>*Ego</span> <span class='ocrx_word' id='word_1_163' title='bbox 509 2671 682 2737; x_wconf 86' lang='lat' dir='ltr'>Hadabret</span> <span class='ocrx_word' id='word_1_164' title='bbox 705 2671 858 2757; x_wconf 90' lang='lat' dir='ltr'>promitto</span> <span class='ocrx_word' id='word_1_165' title='bbox 883 2669 1092 2734; x_wconf 88' lang='lat' dir='ltr'>stabilitatem</span> <span class='ocrx_word' id='word_1_166' title='bbox 1115 2690 1224 2734; x_wconf 90' lang='lat' dir='ltr'>meam</span> <span class='ocrx_word' id='word_1_167' title='bbox 1249 2674 1282 2732; x_wconf 89' lang='lat' dir='ltr'>et</span> <span class='ocrx_word' id='word_1_168' title='bbox 1304 2671 1549 2736; x_wconf 87' lang='lat' dir='ltr'>conversionem</span> <span class='ocrx_word' id='word_1_169' title='bbox 1571 2692 1696 2736; x_wconf 89' lang='lat' dir='ltr'>morum</span> <span class='ocrx_word' id='word_1_170' title='bbox 1719 2694 1865 2738; x_wconf 88' lang='lat' dir='ltr'>meorum</span> 
     </span>
     <span class='ocr_line' id='line_1_23' title="bbox 464 2754 1944 2840; baseline 0 -16"><span class='ocrx_word' id='word_1_171' title='bbox 464 2767 497 2824; x_wconf 89' lang='lat' dir='ltr'>et</span> <span class='ocrx_word' id='word_1_172' title='bbox 520 2758 742 2824; x_wconf 90' lang='lat' dir='ltr'>obedientiam</span> <span class='ocrx_word' id='word_1_173' title='bbox 767 2756 945 2823; x_wconf 87' lang='lat' dir='ltr'>secundum</span> <span class='ocrx_word' id='word_1_174' title='bbox 969 2755 1117 2840; x_wconf 87' lang='lat' dir='ltr'>regulam</span> <span class='ocrx_word' id='word_1_175' title='bbox 1139 2756 1243 2819; x_wconf 87' lang='lat' dir='ltr'>sancti</span> <span class='ocrx_word' id='word_1_176' title='bbox 1267 2754 1437 2821; x_wconf 91' lang='lat' dir='ltr'>Benedicti</span> <span class='ocrx_word' id='word_1_177' title='bbox 1461 2779 1567 2822; x_wconf 89' lang='lat' dir='ltr'>coram</span> <span class='ocrx_word' id='word_1_178' title='bbox 1591 2758 1653 2823; x_wconf 86' lang='lat' dir='ltr'>deo</span> <span class='ocrx_word' id='word_1_179' title='bbox 1677 2765 1711 2822; x_wconf 87' lang='lat' dir='ltr'>et</span> <span class='ocrx_word' id='word_1_180' title='bbox 1733 2759 1851 2825; x_wconf 83' lang='lat' dir='ltr'>sanctis</span> <span class='ocrx_word' id='word_1_181' title='bbox 1875 2760 1944 2824; x_wconf 90' lang='lat' dir='ltr'>eius</span> 
     </span>
     <span class='ocr_line' id='line_1_24' title="bbox 310 2841 1333 2930; baseline -0.012 -14"><span class='ocrx_word' id='word_1_182' title='bbox 310 2844 375 2929; x_wconf 79' lang='lat' dir='ltr'>so†</span> <span class='ocrx_word' id='word_1_183' title='bbox 399 2845 470 2925; x_wconf 70' lang='lat' dir='ltr'>*eqo</span> <span class='ocrx_word' id='word_1_184' title='bbox 492 2867 509 2908; x_wconf 87' lang='lat' dir='ltr'>c</span> <span class='ocrx_word' id='word_1_185' title='bbox 532 2845 608 2930; x_wconf 85' lang='lat' dir='ltr'>(ego</span> <span class='ocrx_word' id='word_1_186' title='bbox 631 2843 819 2930; x_wconf 82' lang='lat' dir='ltr'>Engilbret)</span> <span class='ocrx_word' id='word_1_187' title='bbox 835 2842 987 2923; x_wconf 77' lang='lat' dir='ltr'>promitto</span> <span class='ocrx_word' id='word_1_188' title='bbox 1009 2841 1212 2905; x_wconf 74' lang='lat' dir='ltr'>stabilitatem</span> <span class='ocrx_word' id='word_1_189' title='bbox 1233 2862 1333 2905; x_wconf 83' lang='lat' dir='ltr'>meam</span> 
     </span>
     <span class='ocr_line' id='line_1_25' title="bbox 460 2927 1532 2996; baseline -0.002 -2"><span class='ocrx_word' id='word_1_190' title='bbox 460 2936 490 2994; x_wconf 81' lang='lat' dir='ltr'>ct</span> <span class='ocrx_word' id='word_1_191' title='bbox 510 2933 738 2996; x_wconf 79' lang='lat' dir='ltr'>conversionem</span> <span class='ocrx_word' id='word_1_192' title='bbox 759 2951 881 2995; x_wconf 84' lang='lat' dir='ltr'>morum</span> <span class='ocrx_word' id='word_1_193' title='bbox 904 2948 1041 2992; x_wconf 84' lang='lat' dir='ltr'>meorum</span> <span class='ocrx_word' id='word_1_194' title='bbox 1064 2949 1169 2992; x_wconf 86' lang='lat' dir='ltr'>coram</span> <span class='ocrx_word' id='word_1_195' title='bbox 1191 2927 1247 2991; x_wconf 81' lang='lat' dir='ltr'>deo</span> <span class='ocrx_word' id='word_1_196' title='bbox 1268 2933 1298 2991; x_wconf 85' lang='lat' dir='ltr'>ct</span> <span class='ocrx_word' id='word_1_197' title='bbox 1319 2928 1441 2992; x_wconf 68' lang='lat' dir='ltr'>salictis</span> <span class='ocrx_word' id='word_1_198' title='bbox 1463 2929 1532 2992; x_wconf 80' lang='lat' dir='ltr'>eius</span> 
     </span>
    </p>
   </div>
   <div class='ocr_carea' id='block_1_11' title="bbox 393 3017 1629 3191">
    <p class='ocr_par' dir='ltr' id='par_1_11' title="bbox 393 3017 1629 3191">
     <span class='ocr_line' id='line_1_26' title="bbox 393 3017 1629 3191; baseline -0.002 -23"><span class='ocrx_word' id='word_1_199' title='bbox 393 3104 496 3191; x_wconf 81' lang='lat' dir='ltr'>(*Ego</span> <span class='ocrx_word' id='word_1_200' title='bbox 518 3017 715 3189; x_wconf 79' lang='lat' dir='ltr'>Mudthelm)</span> <span class='ocrx_word' id='word_1_201' title='bbox 739 3101 759 3186; x_wconf 90' lang='lat'><em>†</em></span> <span class='ocrx_word' id='word_1_202' title='bbox 781 3101 850 3185; x_wconf 72' lang='lat' dir='ltr'>Epo</span> <span class='ocrx_word' id='word_1_203' title='bbox 872 3100 985 3166; x_wconf 82' lang='lat' dir='ltr'>Kerolt</span> <span class='ocrx_word' id='word_1_204' title='bbox 1001 3098 1152 3180; x_wconf 81' lang='lat' dir='ltr'>promitto</span> <span class='ocrx_word' id='word_1_205' title='bbox 1173 3099 1378 3165; x_wconf 67' lang='lat' dir='ltr'>stabilitates</span> <span class='ocrx_word' id='word_1_206' title='bbox 1399 3121 1500 3164; x_wconf 83' lang='lat' dir='ltr'>maam</span> <span class='ocrx_word' id='word_1_207' title='bbox 1522 3122 1629 3166; x_wconf 87' lang='lat' dir='ltr'>coram</span> 
     </span>
    </p>
   </div>
   <div class='ocr_carea' id='block_1_12' title="bbox 304 3190 1796 3561">
    <p class='ocr_par' dir='ltr' id='par_1_12' title="bbox 304 3190 1796 3561">
     <span class='ocr_line' id='line_1_27' title="bbox 512 3190 1520 3286; baseline -0.008 8"><span class='ocrx_word' id='word_1_208' title='bbox 512 3190 533 3274; x_wconf 73' lang='lat' dir='ltr'>i</span> <span class='ocrx_word' id='word_1_209' title='bbox 1514 3274 1520 3286; x_wconf 95' lang='lat'><em>.</em></span> 
     </span>
     <span class='ocr_line' id='line_1_28' title="bbox 393 3272 1593 3360; baseline -0.003 -20"><span class='ocrx_word' id='word_1_210' title='bbox 393 3276 557 3356; x_wconf 71' lang='lat' dir='ltr'>Raodpret</span> <span class='ocrx_word' id='word_1_211' title='bbox 579 3275 599 3360; x_wconf 89' lang='lat'><em>†</em></span> <span class='ocrx_word' id='word_1_212' title='bbox 624 3275 787 3356; x_wconf 76' lang='lat' dir='ltr'>Raodpret</span> <span class='ocrx_word' id='word_1_213' title='bbox 1316 3272 1411 3355; x_wconf 67' lang='lat' dir='ltr'>&#39;pepo</span> <span class='ocrx_word' id='word_1_214' title='bbox 1433 3272 1593 3356; x_wconf 71' lang='lat' dir='ltr'>Empilliolt</span> 
     </span>
     <span class='ocr_line' id='line_1_29' title="bbox 349 3360 1782 3447; baseline -0.002 -20"><span class='ocrx_word' id='word_1_215' title='bbox 349 3362 369 3447; x_wconf 89' lang='lat'><em>†</em></span> <span class='ocrx_word' id='word_1_216' title='bbox 392 3363 477 3447; x_wconf 83' lang='lat' dir='ltr'>(Ego</span> <span class='ocrx_word' id='word_1_217' title='bbox 501 3363 611 3447; x_wconf 84' lang='lat' dir='ltr'>Aroli)</span> <span class='ocrx_word' id='word_1_218' title='bbox 634 3362 654 3444; x_wconf 82' lang='lat'>†</span> <span class='ocrx_word' id='word_1_219' title='bbox 1315 3379 1420 3423; x_wconf 84' lang='lat' dir='ltr'>coram</span> <span class='ocrx_word' id='word_1_220' title='bbox 1443 3360 1498 3423; x_wconf 76' lang='lat' dir='ltr'>(teo</span> <span class='ocrx_word' id='word_1_221' title='bbox 1520 3366 1549 3423; x_wconf 90' lang='lat' dir='ltr'>et</span> <span class='ocrx_word' id='word_1_222' title='bbox 1570 3361 1692 3424; x_wconf 83' lang='lat' dir='ltr'>sanctis</span> <span class='ocrx_word' id='word_1_223' title='bbox 1712 3361 1782 3424; x_wconf 73' lang='lat' dir='ltr'>eires</span> 
     </span>
     <span class='ocr_line' id='line_1_30' title="bbox 304 3445 1796 3561; baseline -0.005 -43"><span class='ocrx_word' id='word_1_224' title='bbox 304 3448 369 3533; x_wconf 73' lang='lat' dir='ltr'>as†</span> <span class='ocrx_word' id='word_1_225' title='bbox 391 3450 478 3534; x_wconf 75' lang='lat' dir='ltr'>(Ego</span> <span class='ocrx_word' id='word_1_226' title='bbox 501 3448 677 3561; x_wconf 62' lang='lat' dir='ltr'>Bkkihart)</span> <span class='ocrx_word' id='word_1_227' title='bbox 692 3448 845 3528; x_wconf 74' lang='lat' dir='ltr'>promitto</span> <span class='ocrx_word' id='word_1_228' title='bbox 866 3445 1069 3509; x_wconf 80' lang='lat' dir='ltr'>stabilitatem</span> <span class='ocrx_word' id='word_1_229' title='bbox 1091 3465 1192 3508; x_wconf 84' lang='lat' dir='ltr'>meam</span> <span class='ocrx_word' id='word_1_230' title='bbox 1214 3448 1244 3506; x_wconf 88' lang='lat' dir='ltr'>et</span> <span class='ocrx_word' id='word_1_231' title='bbox 1265 3447 1492 3509; x_wconf 66' lang='lat' dir='ltr'>amastrinam</span> <span class='ocrx_word' id='word_1_232' title='bbox 1513 3468 1635 3510; x_wconf 76' lang='lat' dir='ltr'>mmmm</span> <span class='ocrx_word' id='word_1_233' title='bbox 1657 3468 1796 3511; x_wconf 80' lang='lat' dir='ltr'>meorum</span> 
     </span>
    </p>
   </div>
   <div class='ocr_carea' id='block_1_13' title="bbox 392 3530 1391 3656">
    <p class='ocr_par' dir='ltr' id='par_1_13' title="bbox 392 3530 1391 3656">
     <span class='ocr_line' id='line_1_31' title="bbox 392 3530 1391 3656; baseline -0.003 -22"><span class='ocrx_word' id='word_1_234' title='bbox 392 3570 478 3656; x_wconf 76' lang='lat' dir='ltr'>(Ego</span> <span class='ocrx_word' id='word_1_235' title='bbox 503 3568 671 3652; x_wconf 90' lang='lat' dir='ltr'>Odalrich)</span> <span class='ocrx_word' id='word_1_236' title='bbox 1077 3565 1215 3650; x_wconf 53' lang='lat' dir='ltr'>&#39;wago</span> <span class='ocrx_word' id='word_1_237' title='bbox 1239 3530 1391 3650; x_wconf 77' lang='lat' dir='ltr'>lldlrich)</span> 
     </span>
    </p>
   </div>
   <div class='ocr_carea' id='block_1_14' title="bbox 410 3742 1062 3751">
    <p class='ocr_par' dir='ltr' id='par_1_14' title="bbox 410 3742 1062 3751">
     <span class='ocr_line' id='line_1_32' title="bbox 410 3742 1062 3751; baseline -0.006 0"><span class='ocrx_word' id='word_1_238' title='bbox 410 3744 764 3751; x_wconf 76' lang='lat'>—---....—.—-—</span> <span class='ocrx_word' id='word_1_239' title='bbox 812 3742 1062 3749; x_wconf 76' lang='lat'>——-.——---.</span> 
     </span>
    </p>
   </div>
   <div class='ocr_carea' id='block_1_15' title="bbox 304 3874 2176 4017">
    <p class='ocr_par' dir='ltr' id='par_1_15' title="bbox 304 3874 2176 4017">
     <span class='ocr_line' id='line_1_33' title="bbox 410 3874 2176 3946; baseline 0.002 -16"><span class='ocrx_word' id='word_1_240' title='bbox 410 3881 483 3931; x_wconf 82' lang='lat' dir='ltr'>Haec</span> <span class='ocrx_word' id='word_1_241' title='bbox 497 3881 596 3946; x_wconf 71' lang='lat' dir='ltr'>popina</span> <span class='ocrx_word' id='word_1_242' title='bbox 613 3889 636 3930; x_wconf 85' lang='lat' dir='ltr'>et</span> <span class='ocrx_word' id='word_1_243' title='bbox 652 3880 711 3946; x_wconf 75' lang='lat' dir='ltr'>ipsa</span> <span class='ocrx_word' id='word_1_244' title='bbox 728 3879 853 3945; x_wconf 80' lang='lat' dir='ltr'>incompte</span> <span class='ocrx_word' id='word_1_245' title='bbox 872 3887 895 3930; x_wconf 84' lang='lat' dir='ltr'>ct</span> <span class='ocrx_word' id='word_1_246' title='bbox 914 3878 968 3929; x_wconf 78' lang='lat' dir='ltr'>siae</span> <span class='ocrx_word' id='word_1_247' title='bbox 986 3879 1077 3929; x_wconf 79' lang='lat' dir='ltr'>ordine</span> <span class='ocrx_word' id='word_1_248' title='bbox 1095 3876 1191 3942; x_wconf 75' lang='lat' dir='ltr'>scripta</span> <span class='ocrx_word' id='word_1_249' title='bbox 1208 3884 1252 3927; x_wconf 79' lang='lat' dir='ltr'>cst.</span> <span class='ocrx_word' id='word_1_250' title='bbox 1289 3874 1402 3927; x_wconf 79' lang='lat' dir='ltr'>Nomina</span> <span class='ocrx_word' id='word_1_251' title='bbox 1418 3885 1441 3926; x_wconf 79' lang='lat' dir='ltr'>et</span> <span class='ocrx_word' id='word_1_252' title='bbox 1453 3877 1509 3941; x_wconf 69' lang='lat' dir='ltr'>llys</span> <span class='ocrx_word' id='word_1_253' title='bbox 1527 3879 1554 3928; x_wconf 82' lang='lat' dir='ltr'>in</span> <span class='ocrx_word' id='word_1_254' title='bbox 1570 3881 1833 3940; x_wconf 80' lang='lat' dir='ltr'>390‚15-17anam</span> <span class='ocrx_word' id='word_1_255' title='bbox 1851 3880 2006 3946; x_wconf 75' lang='lat' dir='ltr'>scripturam</span> <span class='ocrx_word' id='word_1_256' title='bbox 2026 3882 2176 3934; x_wconf 73' lang='lat' dir='ltr'>ostendant.</span> 
     </span>
     <span class='ocr_line' id='line_1_34' title="bbox 304 3945 1277 4017; baseline -0.006 -16"><span class='ocrx_word' id='word_1_257' title='bbox 304 3952 363 4013; x_wconf 78' lang='lat'><strong><em>³90,</em></strong></span> <span class='ocrx_word' id='word_1_258' title='bbox 382 3954 412 4000; x_wconf 75' lang='grc'>12</span> <span class='ocrx_word' id='word_1_259' title='bbox 428 3952 484 4017; x_wconf 78' lang='lat' dir='ltr'>Ego</span> <span class='ocrx_word' id='word_1_260' title='bbox 501 3966 629 4016; x_wconf 67' lang='lat' dir='ltr'>superior.</span> <span class='ocrx_word' id='word_1_261' title='bbox 715 3950 773 4012; x_wconf 83' lang='lat'><strong><em>390,</em></strong></span> <span class='ocrx_word' id='word_1_262' title='bbox 791 3953 823 3999; x_wconf 85' lang='grc'>17</span> <span class='ocrx_word' id='word_1_263' title='bbox 840 3966 860 3999; x_wconf 84' lang='lat' dir='ltr'>c.</span> <span class='ocrx_word' id='word_1_264' title='bbox 879 3950 933 4014; x_wconf 76' lang='lat' dir='ltr'>Ego</span> <span class='ocrx_word' id='word_1_265' title='bbox 953 3948 1058 3999; x_wconf 79' lang='lat' dir='ltr'>Albricb</span> <span class='ocrx_word' id='word_1_266' title='bbox 1076 3948 1102 4010; x_wconf 82' lang='lat' dir='ltr'>(b</span> <span class='ocrx_word' id='word_1_267' title='bbox 1121 3945 1277 4009; x_wconf 70' lang='lat' dir='ltr'>extinctam).</span> 
     </span>
    </p>
   </div>
   <div class='ocr_carea' id='block_1_16' title="bbox 301 4130 2178 4275">
    <p class='ocr_par' dir='ltr' id='par_1_16' title="bbox 301 4130 2178 4275">
     <span class='ocr_line' id='line_1_35' title="bbox 408 4130 2178 4206; baseline 0.001 -16"><span class='ocrx_word' id='word_1_268' title='bbox 408 4142 493 4202; x_wconf 82' lang='grc'><em>390,3</em></span> <span class='ocrx_word' id='word_1_269' title='bbox 509 4136 622 4201; x_wconf 77' lang='lat' dir='ltr'>sortasse</span> <span class='ocrx_word' id='word_1_270' title='bbox 632 4134 731 4188; x_wconf 74' lang='lat' dir='ltr'>Notior</span> <span class='ocrx_word' id='word_1_271' title='bbox 742 4133 1058 4202; x_wconf 60' lang='lat' dir='ltr'>Pbpetiayraaum&#39;sm.</span> <span class='ocrx_word' id='word_1_272' title='bbox 1076 4132 1169 4200; x_wconf 77' lang='lat' dir='ltr'>ltoapit.</span> <span class='ocrx_word' id='word_1_273' title='bbox 1183 4138 1229 4186; x_wconf 77' lang='lat'>965</span> <span class='ocrx_word' id='word_1_274' title='bbox 1245 4130 1304 4197; x_wconf 87' lang='lat' dir='ltr'>(W.</span> <span class='ocrx_word' id='word_1_275' title='bbox 1323 4131 1378 4198; x_wconf 82' lang='lat' dir='ltr'>Ill,</span> <span class='ocrx_word' id='word_1_276' title='bbox 1392 4135 1458 4200; x_wconf 84' lang='lat'><em>810).</em></span> <span class='ocrx_word' id='word_1_277' title='bbox 1528 4134 1837 4203; x_wconf 76' lang='lat' dir='ltr'>39⁰,10[cf.1,app.7.</span> <span class='ocrx_word' id='word_1_278' title='bbox 1880 4135 1978 4201; x_wconf 84' lang='lat' dir='ltr'>Waitz,</span> <span class='ocrx_word' id='word_1_279' title='bbox 1996 4136 2130 4191; x_wconf 73' lang='lat' dir='ltr'>Heinrich</span> <span class='ocrx_word' id='word_1_280' title='bbox 2143 4140 2178 4206; x_wconf 91' lang='lat'>1.,</span> 
     </span>
     <span class='ocr_line' id='line_1_36' title="bbox 301 4200 1755 4275; baseline -0.003 -15"><span class='ocrx_word' id='word_1_281' title='bbox 301 4224 332 4275; x_wconf 84' lang='lat' dir='ltr'>p.</span> <span class='ocrx_word' id='word_1_282' title='bbox 350 4207 403 4274; x_wconf 78' lang='grc'><em>90].</em></span> <span class='ocrx_word' id='word_1_283' title='bbox 474 4211 575 4270; x_wconf 81' lang='lat'><strong><em>390,12</em></strong></span> <span class='ocrx_word' id='word_1_284' title='bbox 592 4204 631 4257; x_wconf 81' lang='lat' dir='ltr'>ab</span> <span class='ocrx_word' id='word_1_285' title='bbox 650 4211 786 4271; x_wconf 80' lang='lat'>956-971,</span> <span class='ocrx_word' id='word_1_286' title='bbox 804 4204 842 4270; x_wconf 78' lang='lat' dir='ltr'>fil.</span> <span class='ocrx_word' id='word_1_287' title='bbox 869 4200 1060 4269; x_wconf 75' lang='lat' dir='ltr'>Wmtilpmdis.</span> <span class='ocrx_word' id='word_1_288' title='bbox 1130 4208 1233 4268; x_wconf 82' lang='lat'><em>390,18</em></span> <span class='ocrx_word' id='word_1_289' title='bbox 1250 4201 1388 4254; x_wconf 71' lang='lat' dir='ltr'>ditericus</span> <span class='ocrx_word' id='word_1_290' title='bbox 1405 4200 1455 4254; x_wconf 83' lang='lat' dir='ltr'>dcc.</span> <span class='ocrx_word' id='word_1_291' title='bbox 1474 4209 1521 4255; x_wconf 78' lang='lat'>926</span> <span class='ocrx_word' id='word_1_292' title='bbox 1537 4203 1596 4267; x_wconf 88' lang='lat' dir='ltr'>(W.</span> <span class='ocrx_word' id='word_1_293' title='bbox 1616 4203 1672 4269; x_wconf 79' lang='grc' dir='ltr'><em>ΙΙΙ,</em></span> <span class='ocrx_word' id='word_1_294' title='bbox 1693 4207 1755 4271; x_wconf 81' lang='lat'><em>785).</em></span> 
     </span>
    </p>
   </div>
   <div class='ocr_carea' id='block_1_17' title="bbox 0 0 2258 6532">
    <p class='ocr_par' dir='ltr' id='par_1_17' title="bbox 0 0 2258 6532">
     <span class='ocr_line' id='line_1_37' title="bbox 0 0 2258 6532; baseline 0 0"><span class='ocrx_word' id='word_1_295' title='bbox 0 0 2258 6532; x_wconf 95' lang='lat' dir='ltr'> </span> 
     </span>
    </p>
   </div>
  </div>
 </body>
</html>
