4554 6534
197 455 261 521 398
1033 450 1228 509 APPENDIX.

198 649 295 714 super
309 629 444 709 Lucam,
466 628 524 692 lib.
540 628 735 709 Salomonis,
758 628 813 693 lib.
830 628 907 704 Iob,
930 629 985 693 lib.
1002 627 1267 705 Machabeorum,
1291 627 1326 691 II
1341 628 1396 693 lib.
1413 627 1565 714 compoti,
1589 628 1752 714 expositio
1768 650 1869 715 super
1883 626 2066 694 Matheum

197 731 238 797 de
262 752 413 798 sermone
436 732 568 797 Domini
599 732 710 797 habito
740 734 773 797 in
797 739 923 812 monto,
955 732 1011 796 lib.
1035 733 1160 817 legum,
1189 732 1243 796 lib.
1266 731 1420 818 Iosephi,
1450 731 1507 796 lib.
1530 754 1716 799 sermonum
1740 741 1773 799 et
1796 735 1999 799 omeliarum
2023 731 2068 797 de

197 836 368 901 nativitate
391 836 543 915 Domini,
573 836 735 920 expositio
759 857 858 921 super
879 835 1068 916 Danielem,
1102 837 1170 901 vita
1192 836 1281 902 beati
1306 835 1492 923 Gangolphi
1516 844 1550 901 et
1572 837 1710 903 aliorum
1734 859 1807 903 cum
1830 839 1964 904 omeliis
1989 839 2066 925 qui-

197 938 352 1021 busdam,
380 941 447 1004 vita
469 939 559 1004 beati
582 937 741 1021 Odalrici,
764 938 847 1004 liber
869 940 1112 1024 martyrologii,
1136 939 1302 1004 Romanus
1326 940 1415 1019 ordo,
1438 939 1544 1003 IIII⁰¹
1567 940 1643 1005 libri
1666 940 1923 1022 breviariorum,
1948 941 1982 1005 V
2005 940 2065 1007 lib.

197 1045 394 1130 regularum,
418 1042 453 1107 II
476 1042 531 1107 lib.
556 1043 738 1107 orationum
761 1041 778 1105 1
801 1043 855 1128 qui
871 1044 1000 1129 incipit:
1024 1043 1066 1107 ad
1089 1049 1122 1109 tc
1137 1043 1269 1109 domine
1290 1043 1406 1109 taciem
1422 1063 1545 1117 meam;
1569 1044 1654 1108 alius
1677 1044 1733 1129 qui
1749 1045 1880 1130 incipit:
1897 1046 2064 1110 miserere

196 1146 262 1211 mei
291 1146 387 1229 deus,
427 1148 628 1212 exorcismus
661 1146 791 1209 maioris
819 1166 937 1230 aqrme,
977 1145 1011 1210 II
1040 1146 1233 1233 baptisteria
1267 1148 1300 1211 in
1331 1147 1450 1233 quibus
1481 1145 1667 1211 benedictio
1700 1147 1778 1213 ferri
1814 1155 1848 1213 et
1881 1170 1993 1234 aquae
2032 1155 2066 1215 et

197 1249 262 1314 alia
289 1249 496 1314 continentur
525 1257 559 1314 et
587 1251 619 1313 in
649 1270 715 1312 nno
738 1249 929 1333 obsequium
954 1257 1171 1329 mortuorum,
1195 1249 1245 1313 VI
1268 1250 1324 1316 lib.
1347 1250 1601 1334 hymnariorum,
1624 1248 1694 1313 IIII
1716 1251 1773 1316 lib.
1799 1254 2063 1337 sequentiarum,

197 1354 322 1417 cantica
346 1353 546 1417 canticorum
566 1354 702 1417 metrice
726 1359 760 1417 et
781 1352 971 1416 theutonice
995 1353 1190 1438 composita,
1214 1352 1284 1416 IIII
1307 1353 1475 1433 officialia,
1498 1353 1532 1418 Il
1555 1353 1754 1436 lectionarii,
1776 1354 1810 1418 II
1834 1355 2065 1441 euangeliaria

197 1475 272 1520 cum
292 1455 310 1518 Ι
332 1455 541 1538 lectionario,
568 1455 635 1519 VII
656 1454 714 1520 lib.
738 1455 937 1535 missalium,
967 1455 1183 1536 Smaracdus,
1214 1457 1414 1541 passionale‚
1441 1456 1601 1522 Alcuinus
1625 1478 1724 1543 super
1745 1457 1950 1539 Iohannem,
1975 1457 2062 1525 Gre-

198 1561 308 1645 gorius
332 1581 432 1646 super
452 1560 675 1640 Ezechielem,
699 1558 753 1623 III
775 1559 994 1644 antiphonarii
1017 1580 1090 1624 cum
1112 1581 1177 1624 uno
1200 1559 1367 1644 graduale.

304 1679 383 1744 Atia
404 1701 504 1745 manu
524 1680 671 1745 additum
691 1684 738 1744 cst
758 1680 796 1743 iu
811 1700 887 1761 pap.
910 1683 994 1743 36⁰:

303 1783 406 1847 IIIIor
428 1782 615 1869 gradualia,
647 1784 777 1848 cronica
801 1804 934 1868 regum,
965 1785 1107 1869 quinque
1131 1786 1301 1871 psalteria,
1330 1784 1393 1848 duo
1416 1783 1490 1848 libri
1518 1784 1736 1869 dialogorum,
1766 1786 1840 1849 libri
1870 1793 2060 1851 auctorum:

195 1885 365 1972 Virgilius,
388 1885 558 1952 Iuvenalis
581 1894 616 1953 et
636 1888 771 1953 Persius
794 1889 825 1951 in
848 1908 913 1951 uno
936 1887 1109 1967 volumine,
1134 1888 1262 1953 Stacius
1278 1887 1465 1952 Thebaidos
1488 1896 1522 1952 et
1544 1895 1685 1973 quatuor
1709 1890 1944 1973 quaterniones
1969 1892 2060 1955 eius-

198 1989 272 2055 dem
296 1991 416 2076 operis,
439 1990 494 2057 lib.
518 1989 675 2073 Terentii,
699 1990 862 2076 expositio
885 1991 991 2055 Servii
1015 2011 1113 2076 super
1135 1991 1302 2071 Bucolica,
1325 1992 1494 2073 Lucanus,
1518 1989 1666 2073 Oratius,
1692 1991 1867 2071 Salustius,
1891 1993 2059 2059 Saedulius

200 2099 234 2158 et
256 2093 395 2159 Ovidius
418 2094 458 2159 de
482 2094 632 2159 remediis
656 2096 751 2159 simul
775 2094 878 2178 ligati,
903 2094 968 2159 duo
990 2095 1064 2160 libri
1086 2096 1245 2160 Aratoris.

299 2199 497 2263 continuatio
524 2198 662 2262 cracem
683 2199 861 2279 scripturae
882 2199 971 2280 siquo
994 2222 1035 2260 ω
1057 2197 1119 2262 huc
1141 2197 1242 2262 reluta
1264 2199 1301 2262 in
1322 2199 1386 2279 fiae
1400 2219 1477 2280 paq.
1500 2199 1549 2263 II.
1565 2204 1641 2279 post
1663 2203 1800 2280 tempora
1822 2200 2062 2267 ‹dedicat-ioman

198 2301 282 2389 (XII
304 2302 336 2366 k.
359 2302 471 2388 No‘v.):

306 2403 442 2469 Ovidius
455 2405 669 2491 epistolarum
686 2411 720 2470 et
733 2405 951 2470 Maximianus
968 2406 1000 2469 in
1016 2427 1081 2470 uno
1094 2406 1268 2483 volumine,
1285 2406 1364 2470 item
1378 2404 1514 2470 Ovidius
1533 2405 1741 2490 epistolarum
1758 2412 1792 2469 et
1804 2404 1929 2472 Statius
1942 2409 2060 2474 Achil-

198 2509 303 2573 leidos
327 2510 361 2572 in
384 2528 448 2572 uno
471 2508 546 2589 vol,
571 2505 705 2573 Servius
728 2530 800 2573 cum
824 2509 984 2595 exemplis
1008 2511 1110 2594 prime
1136 2509 1251 2575 sillabc
1275 2511 1307 2574 in
1330 2531 1394 2574 uno
1418 2510 1501 2590 vol,
1524 2507 1618 2586 Octo,
1641 2508 1720 2573 item
1744 2508 1826 2574 (lato
1850 2519 1883 2576 et
1906 2513 2060 2579 Arianos

197 2613 229 2676 in
262 2634 327 2676 uno
358 2611 438 2691 vol,
474 2611 672 2693 Waltarius,
707 2611 865 2693 Omerus,
899 2611 1090 2696 Fulgentius
1120 2620 1155 2677 et
1183 2611 1326 2677 Troiana
1353 2613 1489 2677 historia
1520 2615 1552 2677 in
1583 2635 1647 2679 uno
1680 2614 1758 2693 vol,
1793 2614 1892 2679 editio
1925 2615 2062 2699 Donati,

197 2715 346 2780 bucolica
368 2714 543 2793 Theocriti,
567 2714 661 2780 Beda
683 2714 724 2779 de
748 2716 883 2800 metrica
905 2722 986 2795 arte,
1011 2715 1087 2779 item
1108 2714 1162 2779 lib.
1183 2715 1224 2779 de
1241 2717 1377 2780 metrica
1392 2717 1527 2789 ratione,
1552 2718 1662 2804 topica
1676 2716 1785 2793 Tullii,
1808 2718 2062 2803 predicamenta

196 2819 377 2884 Aristotilis
412 2825 446 2883 et
474 2818 700 2904 perierminias
735 2819 768 2882 in
799 2828 864 2882 uno
894 2819 976 2898 vol,
1015 2817 1078 2882 duo
1108 2818 1181 2883 libri
1210 2819 1372 2904 Porphirii
1401 2841 1474 2883 cum
1502 2822 1696 2885 commentis
1727 2820 1860 2898 Boecii,
1894 2821 1951 2886 lib.
1982 2843 2063 2908 geo-

197 2923 327 3003 metrie,
356 2923 459 2986 maior
480 2921 630 2987 Donatus
658 2928 690 2986 et
719 2921 841 3000 minor,
872 2921 1034 3008 expositio
1057 2942 1155 3006 super
1178 2923 1310 2986 missam
1335 2943 1407 2987 cum
1431 2923 1623 3007 quibusdam
1647 2924 1865 2989 sermonibus.
1888 2924 2062 2991 XXXVII

196 3026 272 3091 albe
301 3047 374 3090 cum
403 3024 538 3089 totidem
560 3024 758 3089 umeralibus
787 3031 821 3088 et
844 3025 983 3109 cingulis
1013 3032 1046 3090 et
1069 3026 1203 3110 insuper
1226 3024 1311 3089 VIII
1340 3027 1409 3089 sinc
1433 3027 1655 3091 humeralibus
1679 3034 1711 3092 et
1734 3025 1890 3111 cingalm,
1922 3027 2062 3094 XXVII

198 3130 281 3194 stole
306 3151 379 3194 cum
402 3129 577 3214 manipulis
601 3127 737 3193 totidem
762 3149 804 3191 ex
827 3127 878 3191 his
903 3127 954 3191 III
979 3129 1061 3193 stole
1085 3128 1241 3194 deaurata
1266 3149 1338 3192 cum
1360 3129 1498 3194 totidem
1521 3130 1705 3216 manipulis,
1729 3138 1762 3195 ct
1784 3129 1816 3193 X
1840 3131 1976 3198 calices.

309 3302 453 3310 --.-..-
476 3303 958 3309 --.--—.—------.-.-....
986 3303 1241 3310 -—----
1263 3304 1294 3308 -
1317 3303 1499 3310 ——·—---—-.
1529 3306 1589 3312 —.
1622 3306 1885 3315 -..-.—.,..--.

303 3460 358 3509 20.
377 3451 423 3511 lib.
440 3458 529 3509 relrm.
635 3463 667 3509 10
684 3457 740 3509 cod.
758 3436 939 3509 anthiriouarii.
957 3455 1079 3521 (alterum
1098 3475 1116 3508 n
1129 3467 1220 3523 postca
1237 3458 1265 3507 iu
1284 3477 1300 3525 p
1317 3459 1461 3524 mactabam).
