4508 6532
763 459 795 512 Δ.
825 459 1216 515 CONFRATERNI'I'A'I'UM
1235 461 1412 515 uassunau
1952 467 2009 528 141

154 651 293 716 domnus
318 648 438 713 Craloh
461 648 559 713 huius
583 648 645 711 loci
670 649 916 713 strenuissimus
944 648 1125 712 abbacum
1149 649 1300 733 Alawigo
1323 651 1489 734 Augensis
1514 651 1663 715 coenobii
1688 652 1868 717 venerabili
1891 650 2012 715 abbate

153 756 308 821 fratribus
332 753 497 837 utrimque
521 774 563 816 ex
587 758 725 835 utroque
757 753 954 816 monasterio
982 753 1052 838 pari
1075 759 1152 815 voto
1180 773 1310 838 unoque
1339 773 1477 817 assensu
1507 752 1726 839 inidipsum
1750 754 2012 841 conspirantibus

154 865 361 947 prenotatam
385 854 573 920 renovando
597 854 764 920 decretum
788 855 849 919 hoc
874 856 1123 920 saluberrimum
1146 855 1350 942 subsequens
1373 863 1503 942 pactum
1519 857 1622 934 inivit,
1646 858 1770 922 scilicet
1785 865 1822 922 ut
1838 859 1865 921 si
1882 858 2011 943 quando

154 963 257 1027 frater
277 959 396 1046 aliquis
419 960 451 1023 in
475 959 598 1023 utrovis
622 960 819 1022 monasterio
843 958 962 1022 obierit
985 978 1167 1044 corpusque
1192 958 1336 1023 defuncti
1359 959 1392 1022 in
1416 959 1606 1035 ecclesiam,
1630 968 1665 1024 ut
1687 962 1788 1025 moris
1813 968 1877 1041 est,
1905 968 2011 1026 trans-

155 1069 255 1132 latum
279 1063 393 1142 fuerit,
423 1067 522 1126 antea
544 1060 619 1125 inde
651 1081 717 1124 non
740 1062 887 1138 tollatur,
917 1060 1020 1124 donec
1045 1083 1158 1125 omnes
1182 1062 1269 1125 horae
1294 1063 1458 1127 canonica
1481 1070 1629 1148 tempore
1653 1070 1773 1128 statuto
1798 1063 2011 1130 decantentur

155 1177 189 1235 et
212 1168 317 1234 omnis
341 1165 520 1231 celebratio
546 1165 719 1228 missarum
742 1166 810 1228 sive
834 1165 1034 1247 vigiliarum,
1065 1184 1124 1228 seu
1148 1166 1245 1228 ctiam
1268 1165 1469 1250 psalmodiae
1492 1186 1550 1251 pro
1574 1166 1729 1231 defuncto
1752 1169 1958 1253 persolvatur
1980 1173 2014 1231 et

155 1282 232 1338 tunc
246 1273 376 1337 demum
400 1270 588 1355 sepulturae
605 1267 859 1332 commendetur.
897 1266 948 1330 Ad
966 1267 1103 1331 eandem
1120 1274 1230 1332 autem
1256 1269 1398 1349 missam,
1423 1290 1485 1353 quq
1509 1271 1645 1354 primum
1670 1292 1728 1355 pro
1753 1291 1791 1334 eo
1816 1292 1835 1333 a
1858 1269 2013 1335 fratribus

154 1379 189 1441 in
213 1396 386 1441 commune
410 1373 576 1451 recitatur,
600 1371 687 1435 dicto
711 1370 776 1434 Ter
800 1367 846 1456 [p.
863 1368 915 1455 21]
943 1369 1146 1434 SANCTUS
1170 1372 1318 1455 angelico
1343 1372 1485 1436 carmine
1510 1394 1623 1437 omnes
1649 1375 1835 1459 pavimento
1859 1371 2013 1459 prostrati

154 1488 219 1545 tam
243 1479 299 1544 diu
315 1479 455 1556 iaceant,
478 1496 583 1561 usque
602 1473 677 1538 dum
695 1494 714 1535 u
730 1472 922 1558 presbytero
938 1494 1003 1558 pax
1023 1472 1145 1537 domini
1162 1473 1298 1554 dicatur,
1322 1476 1498 1560 gemitibus
1522 1482 1555 1539 et
1579 1477 1728 1562 suspiriis
1752 1482 1785 1541 et
1806 1477 2013 1541 lacrimarum

154 1583 365 1649 inundatione
397 1579 537 1643 animam
573 1579 680 1641 fratris
710 1577 868 1640 attentius
899 1574 961 1639 deo
994 1578 1270 1643 commendantes.
1327 1579 1468 1642 Annona
1500 1600 1577 1642 vero
1612 1580 1659 1643 illi
1693 1579 1856 1665 quondam
1879 1578 2012 1644 viventi

155 1693 278 1752 statuta
301 1684 343 1749 ad
366 1682 624 1748 anniversarium
649 1681 719 1745 cius
736 1679 823 1744 diem
848 1688 880 1743 et
904 1680 978 1745 indo
1003 1683 1156 1766 usquein
1173 1682 1270 1745 XXX
1294 1682 1363 1746 dics
1387 1705 1444 1767 pro
1469 1704 1508 1747 co
1525 1684 1557 1747 in
1575 1685 1797 1769 elemosynam
1813 1684 2013 1770 pauperibus

154 1793 195 1857 ad
218 1793 315 1878 plene
338 1789 513 1853 tribuatur.
559 1785 602 1849 Et
626 1783 755 1869 quando
779 1785 887 1849 obitus
910 1785 1048 1849 alicuius
1070 1785 1111 1849 de
1136 1787 1257 1850 utrovis
1275 1787 1470 1850 monasterio
1494 1787 1534 1850 ad
1558 1788 1696 1852 alterum
1719 1787 1817 1851 fuerit
1839 1787 2013 1866 iudicatus,

155 1897 226 1982 ipso
250 1895 323 1970 die,
355 1893 382 1954 si
406 1891 451 1954 ita
473 1895 603 1974 tempus
627 1887 813 1968 dictaverit,
842 1891 875 1953 in
905 1889 1041 1973 agendis
1070 1890 1187 1974 vigiliis
1210 1899 1243 1953 et
1265 1891 1436 1954 missarum
1462 1890 1714 1978 psalmodiaeque
1739 1891 2014 1971 celebrationibus

154 1999 350 2063 unanimiter
373 1994 497 2078 absque
521 1992 677 2056 dilatione
700 1993 863 2058 insistant.
910 1992 1078 2073 Similiter,
1102 2001 1138 2057 ut
1163 1999 1239 2058 ante
1262 2001 1409 2058 notatum
1437 2003 1504 2073 est,
1531 1995 1572 2058 ad
1602 1994 1740 2060 eandem
1770 1996 1903 2060 missam
1932 1993 2013 2057 hora

155 2103 303 2190 predicta
323 2100 441 2164 fratres
464 2118 500 2162 se
526 2096 596 2161 solo
619 2102 830 2183 prosternant
853 2097 1019 2161 humiliter
1041 2118 1100 2181 pro
1124 2097 1233 2160 anima
1254 2097 1399 2161 defuncti
1415 2097 1476 2162 deo
1494 2098 1725 2183 supplicantes.
1769 2098 1822 2163 Ab
1839 2098 1896 2162 illo
1912 2096 2011 2161 etiam

154 2206 207 2271 die
231 2226 360 2270 annona
384 2203 468 2267 sicut
491 2200 547 2264 uni
570 2222 589 2265 e
613 2199 767 2263 fratribus
791 2199 897 2279 datur,
921 2221 979 2284 pro
1002 2199 1058 2262 illo
1082 2220 1210 2283 quoquc
1237 2222 1280 2264 ex
1294 2200 1420 2284 integro
1437 2221 1496 2284 per
1512 2207 1596 2264 totos
1612 2200 1711 2264 XXX
1727 2200 1797 2264 dies
1814 2198 2013 2286 pauperibus

154 2310 326 2375 tribuatur.
376 2305 604 2369 Decrcvcrunt
632 2303 745 2382 etiam,
777 2308 813 2366 ut
844 2302 949 2366 omnis
973 2303 1185 2386 congregatio
1208 2302 1343 2366 fratrum
1367 2304 1536 2388 utriusque
1561 2304 1711 2367 coenobii
1738 2304 1769 2366 in
1800 2324 1861 2367 sex
1889 2310 2013 2367 turmas

155 2412 276 2499 partita
299 2408 434 2475 cottidie
464 2407 599 2493 privatis
624 2405 740 2469 dicbus
768 2426 960 2490 unaqueque
988 2426 1065 2489 pars
1093 2426 1204 2469 eorum
1235 2405 1288 2470 die
1320 2405 1383 2469 sibi
1412 2405 1543 2470 definito
1567 2407 1695 2491 vigilias
1724 2415 1756 2470 ct
1784 2407 1916 2470 missam
1940 2425 2012 2469 cum

155 2515 374 2581 oblationibus
398 2510 599 2597 generaliter
622 2530 680 2595 pro
705 2509 855 2573 omnibus
879 2508 1042 2573 defunctis
1066 2507 1217 2572 fidelibus
1240 2516 1377 2593 peragat
1400 2516 1433 2574 ct
1457 2509 1498 2573 ad
1521 2530 1782 2595 unamquamque
1807 2507 1958 2595 synaxim
1980 2507 2013 2571 in

155 2619 218 2682 fine
241 2617 397 2682 orationis
422 2612 466 2702 [p.
483 2611 536 2700 22]
561 2613 603 2677 ab
627 2612 778 2675 omnibus
802 2632 914 2676 eorum
943 2612 1208 2676 commemoratio
1231 2611 1297 2677 fiat.
1342 2610 1386 2675 Et
1411 2617 1447 2675 ut
1469 2613 1530 2691 hec
1554 2610 1767 2677 saluberrima
1789 2613 1898 2697 pactio
1921 2610 2010 2675 nullo

155 2722 250 2786 modo
275 2743 294 2785 a
317 2720 456 2806 posteris
479 2718 597 2782 nostris
622 2716 805 2801 ignorantia
828 2722 885 2779 aut
907 2715 1110 2798 negligentia
1133 2716 1271 2779 ulterius
1296 2716 1473 2795 omittatur,
1497 2717 1619 2802 placuit
1637 2716 1742 2796 nobis,
1765 2716 1849 2779 utin
1865 2712 2012 2778 libellulo

156 2825 276 2911 regular
300 2830 417 2887 nostrae
440 2821 544 2885 literis
568 2818 815 2885 commendetur
838 2824 872 2882 et
894 2818 1099 2902 frequentius
1122 2819 1155 2882 in
1177 2825 1340 2884 conventu
1363 2821 1624 2905 congregationis
1647 2826 1866 2885 recenseatur.
2050 2811 2058 2823 ’

263 2944 345 3030 (11.)
379 2941 504 3008 ANNO
535 2939 893 3006 INOARNATIONIS
926 2938 1091 3004 DOMINI
1121 2940 1339 3007 DOOOOL.
1375 2963 1484 3006 comes
1515 2941 1696 3006 Saxonious
1726 2940 1871 3004 marchio
1900 2945 2014 3004 contra

156 3049 291 3114 Salaros
326 3049 374 3112 vir
406 3047 579 3131 religiosus
610 3043 699 3108 Kero
734 3044 864 3107 nomine
893 3064 913 3107 a
942 3043 1107 3108 liminibus
1137 3044 1320 3129 principum
1349 3044 1568 3128 apostolorum
1598 3065 1750 3108 reversus
1778 3042 2012 3108 monasterium

155 3154 259 3219 sancti
282 3152 368 3217 Galli
392 3149 549 3214 orationis
574 3162 672 3213 causa
688 3147 842 3212 visitavit.
887 3146 951 3220 Qui
968 3169 1041 3213 cum
1057 3168 1077 3211 a
1093 3149 1245 3212 fratribus
1263 3148 1404 3232 benigne
1422 3155 1454 3212 et
1471 3145 1678 3231 hospitaliter
1693 3147 1811 3211 fuisset
1827 3152 2011 3231 susceptus,

155 3257 303 3343 spiritali,
328 3262 362 3320 ut
385 3254 542 3332 creditur,
574 3252 759 3316 admonitus
789 3251 946 3315 instinctu
970 3250 1113 3315 studium
1137 3258 1249 3330 sancte
1274 3249 1531 3316 conversationis
1555 3250 1617 3315 sibi
1642 3249 1739 3314 corde
1762 3256 1859 3315 tenus
1882 3249 2014 3336 placere

155 3360 322 3447 professus
349 3366 400 3423 est
423 3358 574 3443 cepitque
599 3355 767 3420 humiliter
796 3374 834 3418 ac
864 3354 1015 3418 luctuose
1039 3375 1059 3416 a
1081 3360 1173 3438 patre
1196 3355 1386 3419 monasterii
1417 3353 1580 3438 flagitare,
1610 3359 1646 3417 ut
1668 3354 1701 3417 in
1726 3353 1925 3417 consortium
1948 3351 2013 3417 fra-

154 3465 316 3530 ternitatis
341 3468 522 3527 mereretur
545 3459 682 3524 admitti.
728 3458 845 3522 Libras
868 3478 996 3542 quoquc
1020 3458 1148 3542 argenti
1172 3457 1256 3521 VIII
1279 3459 1351 3523 loco
1375 3464 1488 3522 sancto
1518 3457 1635 3522 devote
1666 3478 1704 3520 ac
1733 3457 1873 3522 fideliter
1896 3456 2023 3541 optulit·

154 3573 188 3632 et
208 3568 234 3630 si
253 3588 315 3651 quo
333 3571 429 3653 pacto
447 3565 499 3628 vel
515 3562 601 3650 apud
617 3583 728 3646 regem
745 3561 799 3626 vol
815 3559 902 3646 apud
918 3560 1097 3645 quemlibet
1112 3582 1284 3647 procerum
1309 3561 1542 3646 proprietatem
1559 3561 1628 3626 sive
1644 3559 1884 3646 possessionem
1901 3579 2013 3644 quam·

154 3670 235 3733 libet
264 3669 348 3732 infra
378 3668 535 3732 terminos
558 3665 754 3746 Alemannis
789 3666 945 3751 consequi
980 3667 1159 3751 potuisset,
1193 3668 1390 3731 monasterio
1421 3687 1457 3730 se
1490 3666 1559 3730 sine
1588 3666 1687 3731 dubio
1715 3666 1908 3730 collaturum
1939 3685 2012 3730 esse

156 3773 307 3859 promisit
331 3778 365 3835 et
388 3772 421 3834 in
443 3771 594 3835 omuibus
619 3770 747 3849 cenobii
771 3770 1024 3835 necessitatibus
1048 3771 1117 3836 sive
1149 3771 1290 3855 negotiis
1321 3771 1414 3834 iuxta
1442 3769 1611 3834 scientiam
1642 3767 1810 3856 faculta[p.
1828 3767 2015 3857 23ltemque

156 3897 248 3941 suam
271 3880 338 3939 tam
361 3874 395 3938 in
418 3874 540 3959 palatio
564 3894 661 3958 quam
685 3873 717 3936 in
741 3874 868 3958 privato
890 3874 1144 3959 infatigabiliter
1166 3875 1350 3938 astiturum.
1401 3871 1503 3936 Cuius
1531 3872 1685 3958 precibus
1715 3874 1817 3938 abbas
1841 3895 1915 3938 cum
1938 3895 2015 3939 con·

156 3981 346 4065 gregatione
377 3999 526 4042 annuens
561 3998 691 4042 ornnem
728 3976 1049 4042 consuetudinariam
1085 3978 1219 4042 fratrum
1255 3976 1519 4042 constitutionem
1556 3977 1624 4040 sive
1658 3975 1691 4039 in
1725 3977 1926 4042 orationibus
1958 3999 2017 4043 seu

156 4084 276 4147 vestitu
299 4090 333 4148 et
355 4082 551 4146 victualibus
576 4088 642 4144 tam
666 4080 789 4144 viventi
813 4101 910 4164 quam
934 4079 1088 4146 defuncto
1118 4102 1161 4145 ex
1189 4080 1315 4165 integro
1340 4079 1545 4146 condonavit.
1591 4078 1636 4143 Et
1658 4087 1694 4143 ut
1717 4080 1777 4145 hoc
1801 4081 1890 4145 nulla
1912 4080 2017 4168 possit

158 4186 318 4251 oblivione
340 4185 445 4250 deleri
468 4184 712 4268 negligentiave
736 4183 917 4265 intermitti,
939 4205 1000 4269 per
1022 4205 1124 4249 annos
1148 4185 1293 4269 singulos
1317 4184 1359 4250 X.
1383 4183 1425 4248 K.
1448 4182 1535 4264 AR,
1559 4181 1688 4269 quando
1713 4183 1795 4247 hacc
1819 4191 1852 4249 et
1875 4185 2015 4272 expetiit

161 4296 194 4352 et
217 4290 364 4374 optinuit,
394 4289 732 4353 commemorationem
765 4288 836 4351 eius
869 4289 955 4353 inter
982 4308 1092 4352 sacras
1121 4289 1294 4352 missarum
1320 4288 1442 4352 hostias
1472 4293 1621 4352 sanctum
1644 4293 1696 4351 est
1719 4287 1790 4351 fieri
1813 4286 2016 4373 eandemque

159 4393 339 4476 pactionem
362 4394 395 4456 in
420 4393 534 4477 regula
557 4391 747 4455 monasterii
771 4392 1012 4477 conscriptione
1035 4390 1167 4456 firmari.

267 4515 347 4600 (12.)
383 4513 427 4601 [p.
444 4512 498 4601 25]
523 4513 619 4578 Anno
651 4513 692 4576 ab
720 4513 944 4579 incarnatione
975 4513 1138 4578 dominica
1165 4512 1293 4578 Duco.
1324 4520 1481 4599 regnante
1512 4513 1632 4577 domno
1662 4509 1778 4575 Oarolo
1807 4511 2017 4576 serenissimo

158 4639 269 4684 cesare
292 4626 433 4704 augusto
457 4618 546 4682 facta
570 4625 620 4682 est
644 4618 817 4681 conventio
842 4624 876 4682 et
898 4617 1095 4682 unanimitas
1118 4639 1251 4702 precum
1275 4617 1370 4682 huius
1399 4619 1527 4682 scilicet
1549 4617 1653 4682 sancti
1676 4614 1764 4680 Galli
1794 4622 1827 4679 et
1849 4617 2016 4702 augensis

158 4724 307 4788 coenobii
331 4722 391 4786 sub
416 4723 607 4803 abbatibus,
637 4721 791 4786 videlicet
820 4720 936 4785 domno
960 4720 1129 4786 Werdone
1153 4730 1250 4809 atque
1275 4722 1442 4786 Waltonc.
1497 4721 1559 4795 Qui
1590 4720 1737 4806 primitus
1766 4720 2015 4785 cumfratribus

157 4847 198 4888 ex
221 4833 358 4910 utroque
383 4827 454 4890 loco
477 4827 510 4890 in
534 4825 594 4889 hac
618 4826 842 4889 communione
866 4826 1146 4890 consentientibus
1169 4827 1398 4906 instituerunt,
1422 4831 1458 4889 ut
1481 4824 1751 4910 quandocumque
1774 4823 1875 4887 frater
1898 4825 2017 4908 aliquis

157 4928 274 4993 obierit
297 4937 330 4993 ct
358 4930 429 4993 loco
453 4931 506 4993 vel
535 4930 717 4994 senioribus
746 4927 869 4992 ibidem
896 4929 1171 4994 commorantibus
1195 4929 1421 4992 annuntiatum
1448 4928 1562 5000 fuerit,
1600 4948 1638 4990 co
1667 4927 1720 4991 dic
1751 4928 1926 5013 presbiteri
1949 4937 2016 4993 tres

519 5090 758 5097 ——---.---

260 5222 312 5268 Ic.
331 5183 432 5268 denobii
543 5220 629 5265 9roa.
653 5215 751 5264 laterae
776 5222 835 5263 cate
850 5194 996 5282 'gemitibus
1108 5216 1138 5263 16
1155 5221 1221 5264 totos
1240 5221 1263 5263 et
1281 5214 1334 5264 dies
1353 5216 1379 5264 ia
1397 5232 1450 5266 ras.
1562 5221 1593 5266 17
1609 5234 1628 5266 c.
1647 5180 1748 5268 denobii
1858 5217 1891 5264 23
1907 5214 1967 5265 iride
1984 5214 2017 5264 ab

157 5284 293 5335 burliaco
313 5288 368 5337 elic
385 5301 479 5335 monus
496 5285 590 5350 incipit.
695 5286 728 5334 37
750 5282 859 5333 Ultimae
878 5284 1037 5347 liacoepop.
1055 5281 1354 5348 23‘1'11emtrerampa1m
1373 5285 1512 5351 leytsam>
1531 5302 1613 5336 annos
1631 5287 1758 5353 singulos,
1781 5283 1826 5333 red
1838 5291 1929 5348 postea
1946 5285 2017 5335 oblit-

159 5362 267 5405 teratum
279 5364 322 5405 est.
351 5356 386 5405 In
394 5373 456 5420 pop.
469 5356 525 5403 24¹⁰
539 5354 661 5404 lemniacas
674 5352 906 5417 prradrayesimolis
924 5360 966 5402 ert.
1054 5355 1087 5402 38
1101 5360 1161 5417 poet
1172 5352 1260 5401 Dece
1279 5352 1374 5402 formam
1387 5371 1439 5404 raon
1454 5355 1563 5418 fortatico
1575 5355 1673 5405 uidetur
1685 5355 1775 5405 relicto
1787 5370 1846 5402 aare.
1893 5353 1905 5417 ll
1917 5371 1937 5404 c.
1950 5355 2016 5421 Reg-

156 5449 233 5491 nanto
333 5445 366 5491 42
384 5458 404 5490 c.
422 5429 544 5507 prdbiteri

261 5623 273 5665 1
292 5612 325 5664 de
345 5609 458 5662 Oralonc
475 5626 499 5688 r.
517 5625 601 5676 aalma
623 5609 659 5661 od
675 5627 702 5663 a.
719 5621 743 5663 8.
812 5611 823 5673 ll
836 5609 973 5663 Alurmors
990 5610 1046 5662 arb.
1065 5610 1135 5677 Assy.
1154 5615 1288 5687 9334—958
1296 5608 1353 5729 put]
1375 5608 1430 5690 111,
1452 5620 1500 5692 lli,
1514 5610 1568 5678 10].
1627 5607 1765 5693 ΗυΡνιιίνεκ
1784 5607 2019 5675 spondeamus

159 5679 221 5732 Cod.
241 5683 310 5750 Any.
330 5683 478 5734 mirrnerutr
498 5683 561 5730 aaut
581 5680 620 5746 II,
639 5686 671 5733 43
689 5695 742 5746 sqq.
839 5685 871 5731 24
889 5678 921 5731 de
938 5679 1048 5733 Karene
1068 5679 1205 5732 saxonae
1222 5694 1296 5730 marc
1316 5678 1581 5745 correct.1ropl·rcl
1601 5676 1741 5732 Durnoder
1758 5681 1781 5728 et
1799 5693 1883 5744 aspro
1904 5678 1928 5745 Ι,
1947 5687 1984 5745 19,
1995 5687 2017 5732 5.

157 5755 190 5802 38
207 5749 254 5819 [cf.
273 5767 358 5818 supra
375 5748 398 5814 Ι,
418 5765 479 5815 opp.
500 5748 552 5819 10].
