4508 6532
270 450 328 510 140
871 442 911 496 Α.Δ
934 437 1325 493 ccuraaraaulrnruu
1347 437 1524 491 TABULAE.

208 705 221 716 .
266 639 316 698 est
346 632 457 696 domni
487 632 629 718 Egiuolfi
660 631 824 715 episcopi,
853 630 990 714 largitas
1022 635 1055 692 et
1086 649 1144 713 per
1172 628 1358 711 largitatem
1388 632 1576 712 perpetrata
1604 625 1748 689 conditio
1777 635 1918 710 nequeat
1941 649 1960 690 a
1982 629 2124 713 posteris

265 736 423 821 ignorari,
453 736 621 800 decretum
645 740 711 813 est,
743 740 778 797 ut
802 755 860 819 per
886 733 1156 817 conscriptionem
1186 732 1341 810 memorie
1368 730 1486 794 tradita
1516 730 1628 813 regule
1657 728 1762 791 sancti
1785 728 1957 794 Benedicti
1987 730 2124 797 deberet

267 841 399 919 inuecti,
423 846 583 923 quatenus
608 837 661 921 qui
685 838 717 900 in
741 839 812 900 eius
835 837 1000 923 presentia
1024 834 1079 898 illa
1102 856 1166 898 non
1190 843 1266 898 sunt
1290 835 1418 919 experti
1441 833 1603 897 beneficia
1626 832 1735 897 edocti
1758 832 1860 895 literis
1885 841 1980 898 orent
2003 858 2061 920 pro
2086 858 2125 901 eo

268 943 366 1007 deum
389 941 623 1005 universitatis.
875 938 879 946 '

377 1059 457 1144 (10.)
491 1058 759 1146 [p.19.]ANNO
783 1057 842 1120 AB
866 1056 1207 1120 INCARNATIONII
1224 1055 1390 1120 DOMINI
1406 1053 1532 1118 Dece.
1550 1054 1723 1137 Regnante
1747 1055 1864 1119 domno
1894 1056 2011 1122 Carelo
2036 1081 2125 1123 sere-

269 1167 404 1231 nissimo
429 1185 540 1229 cesare
564 1170 704 1248 augusto
728 1162 813 1225 facta
838 1167 888 1224 est
911 1163 1082 1224 conventio
1112 1167 1144 1224 et
1173 1160 1371 1223 unanimitas
1402 1180 1536 1244 precum
1565 1157 1660 1221 huius
1692 1159 1818 1223 scilicet
1848 1163 1952 1224 sancti
1977 1162 2062 1225 Galli
2093 1171 2126 1227 et

267 1269 432 1354 Augensis
457 1267 607 1332 coenobii
635 1266 695 1330 sub
719 1264 893 1329 abbatibus
923 1263 1076 1328 videlicet
1105 1264 1222 1327 domno
1243 1261 1411 1327 Werdonc
1443 1268 1540 1346 atque
1566 1262 1730 1326 Waltone.
1780 1261 1842 1334 Qui
1871 1266 2019 1349 primitus
2052 1288 2124 1330 cum

266 1372 421 1438 fratribus
456 1392 498 1435 cx
532 1377 669 1454 utroque
704 1370 776 1432 loco
805 1368 837 1431 in
866 1367 926 1430 hac
959 1369 1185 1430 communione
1217 1365 1499 1430 consentientibus
1531 1366 1756 1445 instituerunt,
1794 1374 1830 1430 ut
1858 1369 2124 1454 quandocumque

267 1477 368 1540 frater
398 1475 515 1559 aliquis
546 1474 664 1537 obierit
695 1480 728 1536 et
754 1473 826 1534 loco
857 1472 908 1534 vel
937 1471 1121 1534 senioribus
1150 1471 1270 1534 ibidem
1300 1469 1575 1533 commorantibus
1606 1468 1833 1533 adnuntiatum
1865 1472 1978 1542 fuerit,
2010 1497 2049 1537 eo
2073 1475 2125 1538 die

271 1578 454 1665 presbyteri
485 1584 552 1641 tres
582 1579 700 1640 missas
730 1582 763 1638 et
792 1576 893 1653 ceteri
920 1575 1038 1638 fratres
1064 1597 1123 1660 pro
1155 1595 1193 1638 eo
1224 1574 1416 1659 psalterium
1446 1594 1484 1636 ac
1514 1572 1766 1637 celebrationem
1791 1575 1922 1658 vigiliae
1951 1576 2126 1641 decantent

269 1681 515 1763 communisque
540 1680 663 1743 oblatio
686 1679 727 1743 ab
751 1678 935 1743 hominibus
965 1678 1031 1741 fiat.
1082 1677 1166 1741 Item
1195 1677 1227 1740 in
1258 1676 1311 1741 die
1341 1678 1481 1762 septime
1506 1673 1604 1739 XXX
1632 1677 1790 1760 psalmos,
1822 1678 1986 1743 tricesimo
2017 1688 2125 1745 autem

268 1783 451 1870 presbyteri
481 1804 594 1847 omnes
623 1803 681 1867 pro
711 1805 750 1847 eo
778 1802 875 1846 unam
907 1781 1053 1858 missam,
1089 1789 1122 1845 et
1151 1782 1254 1844 ceteri
1281 1780 1308 1844 L
1336 1780 1480 1865 psalmos
1509 1780 1677 1863 impleant.
1728 1779 1881 1844 Ceterum
1909 1782 2039 1866 vigilias
2069 1805 2152 1869 pro·

268 1885 430 1951 defunctis
453 1886 487 1948 in
511 1886 618 1970 capite
644 1885 843 1970 singulorum
868 1886 1029 1949 mensium
1054 1906 1096 1949 ex
1119 1905 1209 1948 urere
1238 1885 1358 1968 iugiter
1384 1884 1606 1957 celebremus,
1639 1885 1672 1945 in
1697 1883 1815 1968 quibus
1839 1886 1959 1969 vigiliis
1984 1889 2128 1951 omnium

269 1989 365 2054 simul
389 1988 617 2053 defunctorum
641 1988 786 2066 fratrum,
810 1989 865 2073 qui
890 1989 922 2051 in
946 1996 1057 2051 nostre
1083 1989 1247 2052 consertio
1271 1986 1446 2051 coadunati
1463 1993 1548 2065 sunt,
1573 1989 1838 2051 commemoratio
1863 1989 1928 2068 fiat,
1953 2011 2058 2075 coque
2074 1991 2128 2055 dic

271 2097 543 2158 commemoretur
566 2097 599 2156 et
622 2113 741 2155 nomen
769 2112 873 2177 nuper
902 2090 1046 2155 defuncti
1076 2090 1198 2176 fiatque
1238 2091 1360 2154 oblatio
1387 2091 1529 2154 omnium
1559 2090 1693 2153 fratrum
1725 2092 1838 2167 simul,
1874 2099 1939 2156 tam
1974 2115 2032 2179 pro
2061 2095 2128 2176 illo,

269 2218 366 2282 quam
388 2202 422 2261 et
450 2197 650 2280 generaliter
675 2218 733 2281 pro
764 2195 922 2260 omnibus.
973 2195 1016 2259 Et
1046 2201 1120 2280 post
1149 2196 1219 2259 heac
1242 2196 1464 2279 unusquisque
1488 2193 1663 2279 presbyter
1685 2200 1797 2257 cantet
1819 2215 1916 2258 unam
1939 2198 2072 2260 missam
2098 2205 2130 2263 et

271 2301 371 2366 ceteri
403 2300 520 2364 fratres
556 2299 583 2362 L
611 2301 765 2383 psalmos,
822 2300 939 2363 Preter
972 2298 1042 2362 haec
1074 2319 1203 2383 quoque
1232 2299 1335 2363 semel
1366 2299 1398 2361 in
1427 2318 1512 2361 anno
1543 2298 1603 2361 sub
1633 2297 1686 2361 die
1713 2296 1840 2361 XVIII.
1874 2296 1917 2383 [p.
1942 2297 1995 2384 20}
2026 2300 2128 2366 KAL.

270 2403 478 2469 Ducena·
501 2404 766 2467 commemoratio
810 2403 951 2466 omnium
988 2403 1083 2466 simul
1116 2402 1173 2466 fiat
1207 2425 1266 2488 pro
1301 2403 1432 2466 annuali
1474 2402 1677 2485 singulorum
1715 2400 1869 2466 videlicet
1903 2402 2129 2469 defunctorum

271 2507 437 2585 memoria,
461 2507 597 2592 ipsoque
620 2504 673 2569 die
697 2506 881 2591 presbyteri
898 2513 1009 2570 ternae
1033 2507 1150 2570 missas
1177 2513 1210 2570 et
1233 2508 1335 2571 ceteri
1351 2506 1469 2571 fratres
1486 2506 1676 2591 psalterium
1693 2503 1868 2569 decantent
1890 2527 1928 2570 ac
1952 2508 2130 2572 celebratio

273 2612 393 2696 vigiliae
417 2610 663 2694 communisque
688 2609 811 2675 oblatio
835 2612 875 2675 ab
899 2610 1049 2674 omnibus
1072 2609 1227 2674 fratribus
1250 2611 1315 2674 fiat.
1379 2611 1383 2617 '

383 2730 570 2794 Transactis
604 2735 678 2815 post
709 2730 777 2795 haee
802 2729 917 2796 CXL.
942 2736 1080 2815 quatuor
1101 2732 1209 2810 annis,
1238 2731 1406 2796 mensibus
1435 2731 1539 2795 tribus
1570 2715 1604 2794 et
1634 2729 1759 2795 duabus
1787 2729 2038 2811 ebdomadibus,
2070 2731 2132 2794 hoc

274 2843 326 2901 est
349 2856 436 2899 anne
460 2834 694 2898 incarnationis
710 2833 871 2915 dominice
888 2833 1164 2900 DOOCOXLN.
1188 2856 1273 2898 anno
1290 2842 1399 2899 autem
1417 2835 1526 2899 domni
1543 2833 1673 2898 Ottonis
1689 2832 1891 2898 serenissimi
1914 2834 2002 2917 regis
2017 2832 2131 2900 VIIII.

380 2993 474 2999 -ι
752 2993 1028 2999 ----,-.-
1046 2992 1426 3000 .--..-.....-......-..-.-,--
1444 2992 1520 2998 -,.-
1535 2990 1799 2997 -Ἣ--ῳ--ῇ-
1813 2990 1894 2996 -η-
1904 2991 2025 2999 .⁴-—-...-

376 3098 393 3145 2
413 3094 468 3145 cod.
487 3096 529 3144 Sel
547 3096 576 3144 B.
680 3099 697 3143 4
715 3093 750 3144 In
761 3096 818 3160 flac
830 3095 946 3161 paginae
967 3098 1036 3145 18000
1054 3094 1121 3146 duee
1139 3095 1269 3153 formatae
1287 3095 1373 3159 rotati,
1391 3095 1481 3159 essitas
1499 3094 1579 3144 ottae
1596 3093 1696 3159 fratris
1714 3093 1774 3143 attis
1791 3094 1952 3144 monasteriis
1969 3096 2134 3158 fraternitate

275 3163 443 3230 Sanqatlcrssi
460 3164 598 3214 coniunctis
615 3162 728 3213 indicari
752 3164 862 3227 solebat,
886 3181 903 3212 a
921 3163 1020 3214 duobus
1037 3163 1097 3213 aliie
1114 3165 1279 3230 scriptoribus
1297 3163 1402 3214 marae
1419 3171 1486 3226 sara,
1503 3179 1614 3228 quanam
1632 3171 1743 3213 tenorent
1766 3162 1840 3228 infra
1862 3163 1977 3218 edernae:
1996 3174 2133 3230 praeterea

273 3234 385 3298 aequam
406 3233 524 3297 formata
544 3233 733 3298 prontissioais,
759 3233 791 3283 de
813 3250 866 3298 qua
887 3251 909 3282 v.
927 3233 1008 3298 infra.
1046 3232 1112 3283 Inde
1137 3250 1154 3282 a
1179 3236 1232 3284 14¹⁶
1258 3232 1327 3285 tinea
1346 3250 1410 3298 pag.
1433 3238 1468 3283 15.
1492 3249 1570 3297 usqrse
1591 3232 1628 3282 ad
1646 3247 1711 3298 pay.
1737 3236 1808 3282 18οΜ
1832 3232 1877 3282 tin.
1896 3238 1982 3282 umam
2004 3236 2133 3299 temeratio

275 3304 404 3370 leguntur:
439 3304 551 3352 PAPAE
574 3303 790 3359 DECRETUM
813 3303 926 3352 ΒΕΑΤΙ
948 3303 1144 3353 GRIIGORII.
1185 3304 1269 3366 Quam
1296 3303 1330 3353 sit
1353 3303 1525 3353 necessarium
1551 3302 1763 3352 monasteriorum
1785 3302 1865 3366 quieti
1887 3303 2031 3368 prospicere
2055 3312 2080 3355 et
2102 3306 2133 3355 de

274 3389 362 3424 comm
381 3379 506 3438 perpetua
524 3372 661 3422 securitate
680 3378 798 3435 tractare,
817 3379 965 3422 anteactum
983 3388 1030 3421 nos
1048 3372 1169 3436 officium,
1188 3373 1255 3437 quod
1273 3372 1300 3421 in
1316 3372 1440 3437 regimine
1458 3370 1575 3422 coenobii
1592 3371 1764 3434 exhibuimus,
1783 3371 1910 3421 informat.
1947 3373 1979 3421 Et
1997 3373 2053 3424 ideo
2072 3375 2134 3438 quia

275 3443 302 3492 iu
319 3443 436 3509 plurimis
454 3441 615 3492 monasteriis
632 3440 715 3491 multa
733 3457 749 3490 a
767 3441 912 3506 presulibus
925 3441 1065 3506 preiudicia
1082 3449 1159 3505 atque
1176 3441 1327 3507 gravamina
1339 3441 1475 3507 pertulisse
1486 3441 1672 3506 cognoscimus,
1691 3446 1798 3506 oportet,
1816 3450 1846 3490 ut
1864 3448 1950 3503 nostre
1968 3443 2134 3493 fraternitatis

275 3512 386 3577 provisio
409 3512 440 3561 de
464 3513 553 3561 sutura
575 3511 660 3575 quiete
684 3526 771 3560 eorum
796 3510 893 3560 salubri
915 3510 1033 3575 disponat
1056 3510 1227 3575 ordinatione,
1252 3511 1374 3576 quatinus
1396 3516 1577 3561 conversantes
1600 3509 1627 3558 in
1651 3509 1702 3559 illis
1724 3510 1751 3559 in
1769 3509 1810 3559 dei
1828 3511 1932 3560 servitio
1949 3513 2035 3576 gratia
2053 3513 2135 3578 ipsius

274 3581 433 3646 suffragante
455 3586 539 3631 mente
561 3579 641 3630 libera
664 3587 833 3644 perseverent
872 3578 920 3628 Sed
941 3596 974 3629 ne
997 3594 1029 3629 ex
1052 3595 1096 3642 ea,
1119 3595 1170 3644 que
1194 3579 1276 3645 magis
1297 3579 1456 3630 emendanda
1478 3585 1526 3641 est,
1553 3574 1832 3644 consuetulp.16]dine
1850 3580 1985 3644 quisquam
2002 3582 2134 3631 monachis

275 3651 412 3715 quicquam
430 3649 536 3699 moleste
554 3656 685 3714 presumat
703 3649 805 3711 inferre,
824 3664 928 3698 necesse
946 3654 993 3710 est,
1011 3655 1041 3698 ut
1059 3649 1120 3711 hec,
1139 3665 1190 3713 que
1207 3649 1314 3699 inferius
1331 3648 1504 3699 enumeranda
1520 3649 1681 3711 curavimus,
1698 3648 1735 3698 ita
1752 3648 1836 3698 studio
1854 3649 2021 3699 fraternitatis
2039 3651 2134 3715 episco-

275 3736 364 3785 porum
383 3719 492 3770 debeant
503 3719 633 3782 custodiri,
652 3725 682 3768 ut
699 3733 731 3767 ex
750 3718 787 3767 eis
805 3735 856 3768 nou
875 3717 953 3783 possit
965 3717 1072 3767 ulterius
1085 3717 1216 3768 inferendo
1229 3718 1413 3783 inquietudinis
1424 3718 1525 3769 occasio
1536 3717 1666 3783 repperiri.
1702 3717 1880 3768 Interdicimus
1896 3718 1975 3784 igitur
1992 3719 2019 3768 iu
2032 3721 2135 3770 nomine

275 3789 371 3838 domini
390 3788 471 3838 nostri
487 3789 551 3837 Jesu
565 3787 659 3836 Christi
678 3794 703 3837 et
720 3802 753 3837 ex
771 3787 924 3836 auctoritate
941 3786 1008 3836 beati
1022 3787 1090 3836 I‘etri
1109 3787 1230 3852 principis
1246 3786 1419 3853 apostolorum
1437 3787 1610 3852 prohibemus,
1628 3787 1703 3836 cuius
1721 3787 1777 3836 vice
1795 3786 1856 3837 huic
1873 3787 2003 3838 aecclesia
2021 3790 2135 3851 Romane

275 3864 380 3908 auctore
398 3857 445 3908 deo
463 3856 634 3923 presidemus,
652 3862 682 3905 ut
699 3856 788 3905 nullus
806 3856 982 3921 episcoporum
999 3855 1070 3905 ultra
1088 3863 1217 3920 presumat
1239 3856 1271 3907 de
1292 3856 1428 3920 reditibus,
1451 3856 1528 3907 rebus
1546 3856 1588 3906 vel
1605 3856 1683 3906 cartis
1704 3856 1931 3916 monasteriorum,
1955 3857 1996 3907 vel
2014 3858 2046 3908 de
2063 3858 2135 3909 cellis

275 3941 321 3976 eeu
333 3926 412 3986 villis,
430 3942 480 3990 que
499 3925 531 3974 ad
548 3941 577 3974 ea
596 3925 731 3990 pertinent,
750 3940 912 3990 quocumque
930 3924 1005 3974 modo
1017 3925 1132 3989 qualibet
1145 3925 1315 3990 exquisitione
1327 3926 1451 3989 minuere,
1469 3941 1517 3976 nec
1534 3924 1606 3975 dolos
1624 3941 1671 3975 nec
1683 3925 1844 3976 inmissiones
1861 3925 1961 3990 aliquas
1979 3928 2072 3991 facere,
2090 3929 2135 3978 sed

276 3994 299 4045 si
310 4011 363 4060 qua
380 4010 460 4045 causa
477 3996 541 4043 sorte
554 3995 621 4044 inter
639 4000 731 4043 terram
744 3994 889 4044 venientem
906 3993 938 4043 ad
951 4000 1048 4058 partem
1066 4010 1170 4044 suarum
1182 3994 1364 4045 aecclesiarum
1377 4002 1402 4044 et
1414 3993 1623 4044 monasteriorum
1642 3994 1757 4044 evenerit
1773 4001 1799 4045 et
1814 3994 1918 4060 pacifice
1936 4012 1988 4046 non
2006 3998 2136 4062 potuerint

276 4065 396 4128 ordinari,
415 4064 484 4130 apud
503 4063 597 4113 electos
615 4063 722 4113 abbates
740 4070 766 4113 et
783 4063 847 4113 alios
865 4069 950 4128 patres
968 4063 1086 4114 timentes
1103 4062 1179 4113 deum
1196 4063 1252 4114 sine
1264 4063 1411 4114 voluntaria
1429 4063 1551 4115 dilatione
1567 4063 1658 4113 mediis
1669 4064 1836 4113 sacrosanctis
1848 4064 1991 4130 euangeliis
2003 4066 2135 4117 finiantur.

276 4134 405 4184 Defuncto
427 4140 515 4183 autem
539 4132 633 4182 abbate
656 4131 781 4197 cuiusque
805 4132 1013 4198 congregationis
1036 4149 1088 4183 non
1109 4140 1246 4183 extraneus
1268 4133 1317 4183 nisi
1335 4133 1367 4183 de
1385 4133 1475 4184 eadem
1492 4133 1698 4196 conversatione,
1723 4148 1798 4197 quem
1816 4133 1866 4186 sibi
1884 4134 1985 4199 propria
2004 4135 2135 4185 voluntate

276 4217 381 4253 concors
403 4203 512 4252 fratrum
535 4201 643 4251 societas
669 4201 776 4267 elegerit
799 4208 825 4252 et
848 4201 892 4266 qui
915 4200 1012 4251 electus
1030 4202 1107 4251 fuerit
1128 4202 1183 4252 sine
1207 4201 1264 4252 dolo
1287 4202 1328 4252 vel
1351 4201 1492 4253 venalitate
1516 4201 1604 4266 aliqua
1626 4201 1763 4251 ordinetur.
1799 4202 1897 4265 Quodsi
1919 4210 2006 4269 aptam
2024 4203 2090 4254 inter
2108 4222 2135 4254 se

277 4288 414 4338 personam
432 4271 548 4321 invenire
566 4270 742 4335 nequiverint,
761 4271 877 4321 sollerter
894 4270 942 4320 sibi
961 4270 992 4320 de
1009 4270 1067 4320 aliis
1086 4272 1244 4321 monasteriis
1261 4272 1378 4322 similiter
1394 4272 1491 4338 eligant
1509 4270 1686 4330 ordinandum,
1705 4286 1788 4335 neque
1805 4272 1944 4321 constituto
1961 4273 2056 4323 abbate
2074 4291 2136 4338 que·

276 4357 387 4407 cumque
410 4357 518 4407 persons
540 4339 655 4404 qualibet
677 4341 811 4390 occasione
833 4346 987 4405 preponatur
1009 4340 1058 4390 nisi
1081 4342 1145 4390 forte
1170 4340 1342 4404 exstantibus,
1367 4341 1434 4405 quod
1458 4341 1539 4403 absit,
1562 4340 1724 4402 criminibus,
1749 4357 1799 4405 que
1821 4341 1886 4391 sacri
1908 4357 2019 4393 canones
2045 4345 2136 4408 punire

277 4417 427 4462 monstrant
446 4408 479 4475 [p.
501 4405 542 4473 17]
567 4409 667 4460 Pariter
689 4415 774 4459 autem
792 4408 987 4459 custodiendum
1009 4417 1059 4471 est,
1084 4417 1113 4460 ut
1134 4410 1215 4460 invito
1236 4410 1329 4460 abbate
1351 4411 1383 4459 ad
1407 4409 1546 4460 ordinanda
1569 4409 1619 4459 alia
1637 4409 1792 4460 monasteria
1809 4410 1906 4460 autad
1923 4411 2025 4461 ordines
2042 4428 2135 4475 sacros,

277 4481 319 4531 vel
336 4480 368 4531 ad
386 4480 521 4531 clericatus
539 4478 653 4529 officium
677 4478 733 4527 tolh
755 4478 848 4529 exinde
864 4478 982 4528 monachi
1000 4495 1052 4527 nou
1070 4478 1193 4537 debeant,·
1215 4479 1260 4529 sed
1277 4479 1299 4529 si
1316 4479 1478 4529 abundantes
1496 4479 1603 4541 fuerint,
1625 4480 1670 4544 qui
1691 4479 1723 4528 ad
1744 4478 1911 4530 celebrandas
1928 4480 1969 4530 dei
1988 4481 2076 4531 laudes
2093 4482 2135 4532 vel

278 4549 403 4600 utilitates
419 4549 468 4598 loci
486 4548 642 4614 complentes
663 4548 801 4607 sufficiant,
820 4547 851 4597 de
869 4547 916 4611 his,
934 4548 979 4612 qui
995 4547 1176 4612 superfuerint,
1194 4549 1284 4598 offerat
1301 4548 1380 4598 abbas
1391 4564 1475 4599 coram
1494 4547 1550 4608 deo,
1568 4564 1633 4613 quos
1650 4547 1741 4613 dignos
1753 4548 1872 4614 potuerit.
1909 4549 2032 4615 Quisquis
2048 4558 2135 4602 autem

277 4635 310 4668 ex
334 4618 489 4669 monasterio
511 4617 544 4668 ad
568 4617 769 4680 ecclesiasticum
795 4616 908 4667 ordinem
930 4616 1041 4680 venerit,
1064 4616 1172 4666 ulterius
1193 4616 1247 4665 illic
1268 4632 1316 4667 nec
1338 4624 1501 4683 postestatem
1524 4617 1635 4682 aliquam
1659 4633 1707 4667 nec
1727 4617 1855 4668 licentium
1877 4618 1969 4668 habeat
1995 4619 2136 4670 habitandi.

277 4688 467 4754 Descriptiones
485 4703 586 4751 quoque
604 4702 689 4736 rerum
707 4693 753 4736 aut
765 4693 894 4736 cartarum
906 4685 1052 4736 monasterii
1071 4685 1240 4750 abepiscopo
1256 4687 1448 4737 aecclesiasticas
1465 4687 1521 4737 fieri
1538 4687 1642 4737 omnino
1654 4703 1788 4752 negamus.
1823 4687 1872 4738 Sed
1890 4688 1912 4736 ai
1931 4688 2067 4752 aliquando
2086 4705 2136 4740 res

278 4758 397 4823 exegit,
420 4755 517 4807 abbas
535 4756 597 4805 loci
615 4771 682 4805 cum
700 4755 779 4805 aliis
796 4755 964 4804 abbatibus
982 4753 1212 4804 discussionem
1230 4771 1333 4805 rerum
1356 4757 1554 4807 inventarum
1573 4753 1613 4817 (ia
1630 4756 1695 4820 ras.)
1713 4757 1791 4806 faciat
1808 4765 1833 4806 et
1851 4772 1939 4806 eorum
1958 4757 2064 4809 cvsusilio
2082 4759 2137 4809 sive

278 4826 372 4877 iudicio
395 4826 507 4876 finiatur.
543 4825 661 4875 Obeunta
685 4832 770 4875 autem
792 4824 885 4875 abbate
909 4825 1045 4890 episcopus
1067 4824 1092 4872 iu
1111 4823 1284 4874 describendis
1301 4825 1513 4890 providendisque
1536 4825 1668 4889 acquisitis
1690 4825 1731 4875 vel
1753 4825 1819 4876 datis
1842 4826 2037 4891 acquirendisve
2060 4828 2137 4879 rebus

278 4895 423 4946 monasterii
438 4894 511 4946 nulla
526 4911 554 4944 se
566 4894 699 4944 occasione
711 4894 869 4959 permisceat.
906 4894 998 4943 Missas
1016 4909 1118 4957 quoque
1133 4891 1248 4958 publicas
1265 4894 1299 4943 ab
1317 4910 1347 4944 eo
1365 4894 1391 4943 in
1406 4894 1512 4945 cenobio
1530 4894 1585 4944 fieri
1602 4895 1705 4945 omniuo
1717 4894 1890 4960 prohibemus,
1909 4911 1942 4945 ue
1960 4897 1986 4945 in
2004 4912 2137 4947 servorum

279 4964 319 5015 dei
336 4964 479 5015 recessibus
497 4971 523 5014 et
540 4980 628 5014 eorum
646 4964 814 5028 receptaculis
832 4962 887 5013 ulla
904 4962 1034 5029 popularis
1046 4962 1184 5027 prebeatur
1201 4963 1301 5013 occasio
1318 4963 1530 5014 convenientibus
1548 4963 1590 5014 vel
1608 4963 1745 5014 mulierum
1763 4964 1809 5014 fiat
1826 4981 1910 5014 novus
1924 4964 2050 5030 introitus,
2068 4967 2137 5031 quod

279 5033 382 5084 omnino
405 5050 459 5084 uon
480 5034 582 5099 expedit
598 5033 735 5084 animabus
758 5048 856 5083 eorum.
891 5033 944 5082 Nec
962 5031 1055 5082 audeat
1077 5031 1112 5080 ibi
1130 5031 1274 5081 cathedram
1300 5032 1434 5097 collocare,
1459 5032 1500 5083 vel
1525 5033 1667 5098 quamlibet
1683 5040 1834 5099 potestatem
1852 5035 2004 5100 imperandi,
2027 5051 2075 5085 nec
2092 5035 2137 5086 ali·

279 5119 357 5167 quam
375 5102 559 5153 ordinationem
576 5102 694 5167 quamvis
712 5102 867 5152 levissimam
885 5101 1006 5163 faciendi,
1029 5100 1078 5150 nisi
1096 5100 1129 5149 ab
1147 5099 1243 5151 abbate
1260 5101 1309 5151 loci
1327 5102 1404 5153 fuerit
1421 5109 1539 5167 rogatus,
1565 5103 1687 5167 quatinus
1711 5103 1830 5153 monachi
1852 5119 1952 5168 semper
1974 5112 2093 5155 maneant
2110 5106 2136 5155 in

279 5171 400 5222 abbatum
417 5188 523 5222 suorum
542 5179 668 5237 potestate
686 5171 826 5236 nullusque
844 5171 997 5220 monachum
1015 5169 1070 5219 sine
1088 5169 1233 5219 testimonio
1251 5170 1293 5220 veI
1310 5166 1565 5237 concessiolp.18]ue
1585 5171 1685 5223 abbatis
1703 5172 1728 5222 in
1748 5172 1857 5235 eeclesia
1875 5173 1963 5237 aliqua
1983 5180 2076 5232 teneat,
2095 5174 2138 5224 vel

279 5240 311 5291 ad
328 5241 440 5306 aliquem
458 5248 607 5306 promoveat
623 5241 754 5290 honorem.
792 5241 868 5290 Hanc
885 5255 946 5305 crgo
964 5238 1116 5304 scriptorum
1139 5245 1283 5288 nostrorum
1306 5241 1427 5306 paginam
1450 5241 1519 5290 omni
1543 5240 1569 5291 in
1587 5243 1674 5290 futuro
1692 5247 1805 5306 tempore
1823 5242 1855 5291 ab
1874 5241 1994 5292 onrnibus
2012 5244 2137 5310 episcopis

280 5310 377 5360 firmam
395 5311 532 5361 statuimus
549 5310 723 5374 illibatamque
741 5309 851 5371 servari,
871 5316 900 5358 ut
917 5317 943 5359 et
960 5324 1006 5370 sue
1024 5307 1144 5357 aecclesias
1162 5308 1268 5359 iuuante
1289 5308 1391 5359 domino
1409 5326 1456 5358 suo
1474 5310 1649 5360 tantummodo
1667 5310 1719 5359 sint
1735 5311 1791 5361 iure
1809 5312 1922 5362 contenti
1941 5320 1967 5361 et
1985 5314 2137 5363 monasteria

280 5379 465 5429 aecclesiasticis
487 5379 675 5429 conditionibus
697 5394 744 5428 seu
767 5378 879 5443 augariis
901 5378 943 5428 vel
967 5376 1126 5442 quibuslibet
1147 5376 1276 5441 obsequiis
1293 5379 1452 5429 secularibus
1473 5379 1621 5429 nullomodo
1638 5379 1799 5443 subiaceant,
1817 5381 1906 5430 -nullis
1928 5382 2058 5432 carreuicis
2076 5383 2138 5432 viris

280 5448 436 5505 deserviant,
460 5449 503 5498 sed
521 5449 624 5499 remotis
642 5447 823 5498 vexationibus
840 5463 856 5496 a
873 5447 973 5496 curretis
991 5445 1186 5512 gravaminibus
1204 5445 1319 5497 divinum
1338 5464 1402 5514 opus
1419 5464 1478 5498 cum
1496 5465 1596 5498 summa
1613 5448 1691 5498 animi
1710 5448 1844 5499 devotione
1862 5450 2005 5515 perficiant,
2023 5451 2139 5502 universi

280 5515 391 5582 episcopi
417 5518 604 5584 responderunt
628 5516 740 5567 libertati
768 5515 950 5565 monachorum
978 5514 1182 5583 congaudemus,
1214 5522 1240 5565 et
1271 5534 1322 5582 que
1348 5533 1419 5568 nunc
1445 5517 1476 5567 de
1502 5517 1542 5568 his
1568 5518 1658 5569 smhut
1681 5517 1814 5568 beatitudo
1840 5526 1926 5569 vestra
1953 5519 2085 5570 firmamus
2111 5521 2138 5570 in

281 5585 471 5650 sempiternum.
576 5592 604 5636 11
623 5587 697 5636 XXX
715 5584 743 5634 in
760 5600 813 5634 ras.

385 5745 400 5790 7
417 5738 449 5792 dc
474 5736 607 5792 Werdone
625 5743 651 5790 ct
675 5736 799 5789 Wattoac
817 5736 851 5801 cf.
871 5734 909 5790 ad
927 5736 951 5803 1,
968 5743 1025 5803 378,
1038 5745 1059 5789 1.
