<?xml version="1.0" encoding="UTF-8"?>
<!DOCTYPE html PUBLIC "-//W3C//DTD XHTML 1.0 Transitional//EN"
    "http://www.w3.org/TR/xhtml1/DTD/xhtml1-transitional.dtd">
<html xmlns="http://www.w3.org/1999/xhtml" xml:lang="en" lang="en">
 <head>
  <title>
</title>
<meta http-equiv="Content-Type" content="text/html;charset=utf-8" />
  <meta name='ocr-system' content='tesseract 3.04.00' />
  <meta name='ocr-capabilities' content='ocr_page ocr_carea ocr_par ocr_line ocrx_word'/>
</head>
<body>
  <div class='ocr_page' id='page_1' title='image "./monumentagerman05mittgoog_0026.png"; bbox 0 0 4508 6532; ppageno 0'>
   <div class='ocr_carea' id='block_1_1' title="bbox 915 473 1858 544">
    <p class='ocr_par' dir='ltr' id='par_1_1' title="bbox 915 473 1858 544">
     <span class='ocr_line' id='line_1_1' title="bbox 915 473 1858 544; baseline 0.011 -18"><span class='ocrx_word' id='word_1_1' title='bbox 915 473 1144 528; x_wconf 80' lang='lat' dir='ltr'>PROOEMIUM.</span> <span class='ocrx_word' id='word_1_2' title='bbox 1840 485 1858 544; x_wconf 83' lang='lat'><strong>7</strong></span> 
     </span>
    </p>
   </div>
   <div class='ocr_carea' id='block_1_2' title="bbox 139 659 1929 4268">
    <p class='ocr_par' dir='ltr' id='par_1_2' title="bbox 139 659 1860 3021">
     <span class='ocr_line' id='line_1_2' title="bbox 200 659 1859 755; baseline 0.008 -35"><span class='ocrx_word' id='word_1_3' title='bbox 200 663 276 721; x_wconf 83' lang='grc'><strong><em>6666</em></strong></span> <span class='ocrx_word' id='word_1_4' title='bbox 298 659 353 740; x_wconf 75' lang='lat' dir='ltr'><strong><em>(cs.</em></strong></span> <span class='ocrx_word' id='word_1_5' title='bbox 378 660 469 739; x_wconf 74' lang='lat' dir='ltr'><strong><em>infra</em></strong></span> <span class='ocrx_word' id='word_1_6' title='bbox 488 660 517 735; x_wconf 90' lang='lat' dir='ltr'><strong><em>I,</em></strong></span> <span class='ocrx_word' id='word_1_7' title='bbox 541 662 638 743; x_wconf 73' lang='lat' dir='ltr'><strong><em>app).</em></strong></span> <span class='ocrx_word' id='word_1_8' title='bbox 686 662 774 740; x_wconf 74' lang='grc'><strong><em>02266</em></strong></span> <span class='ocrx_word' id='word_1_9' title='bbox 797 662 1525 747; x_wconf 68' lang='grc'><strong><em>628626616666862666066662221221566</em></strong></span> <span class='ocrx_word' id='word_1_10' title='bbox 1546 667 1604 751; x_wconf 69' lang='lat' dir='ltr'><strong><em>[cll</em></strong></span> <span class='ocrx_word' id='word_1_11' title='bbox 1628 671 1661 746; x_wconf 85' lang='lat' dir='ltr'><strong><em>I,</em></strong></span> <span class='ocrx_word' id='word_1_12' title='bbox 1674 674 1753 747; x_wconf 82' lang='lat'><strong><em>265,</em></strong></span> <span class='ocrx_word' id='word_1_13' title='bbox 1775 672 1859 755; x_wconf 85' lang='lat' dir='ltr'><strong><em>not]</em></strong></span> 
     </span>
     <span class='ocr_line' id='line_1_3' title="bbox 201 764 1858 850; baseline 0.006 -24"><span class='ocrx_word' id='word_1_14' title='bbox 201 767 371 826; x_wconf 81' lang='grc'><strong><em>6662222666</em></strong></span> <span class='ocrx_word' id='word_1_15' title='bbox 393 764 430 828; x_wconf 84' lang='lat' dir='ltr'><strong><em>in</em></strong></span> <span class='ocrx_word' id='word_1_16' title='bbox 451 768 616 843; x_wconf 72' lang='lat' dir='ltr'><strong><em>cornpcetn</em></strong></span> <span class='ocrx_word' id='word_1_17' title='bbox 638 764 727 843; x_wconf 73' lang='lat' dir='ltr'><strong><em>infra</em></strong></span> <span class='ocrx_word' id='word_1_18' title='bbox 749 765 823 829; x_wconf 76' lang='lat' dir='ltr'><strong><em>(tato</em></strong></span> <span class='ocrx_word' id='word_1_19' title='bbox 846 768 947 830; x_wconf 76' lang='grc'><strong><em>6222161.</em></strong></span> <span class='ocrx_word' id='word_1_20' title='bbox 996 769 1143 850; x_wconf 72' lang='grc'><strong><em>06666616</em></strong></span> <span class='ocrx_word' id='word_1_21' title='bbox 1162 774 1263 847; x_wconf 88' lang='lat' dir='ltr'><strong><em>potest</em></strong></span> <span class='ocrx_word' id='word_1_22' title='bbox 1289 771 1404 833; x_wconf 77' lang='lat' dir='ltr'><strong><em>mamm</em></strong></span> <span class='ocrx_word' id='word_1_23' title='bbox 1425 791 1470 834; x_wconf 87' lang='grc'><strong><em>66</em></strong></span> <span class='ocrx_word' id='word_1_24' title='bbox 1496 771 1798 836; x_wconf 76' lang='grc'><strong><em>060626616661662</em></strong></span> <span class='ocrx_word' id='word_1_25' title='bbox 1820 795 1858 836; x_wconf 83' lang='grc'><strong><em>62</em></strong></span> 
     </span>
     <span class='ocr_line' id='line_1_4' title="bbox 200 864 1859 953; baseline 0.007 -25"><span class='ocrx_word' id='word_1_26' title='bbox 200 864 276 928; x_wconf 85' lang='lat' dir='ltr'><strong><em>otiis</em></strong></span> <span class='ocrx_word' id='word_1_27' title='bbox 298 866 457 931; x_wconf 73' lang='lat' dir='ltr'><strong><em>codicibus</em></strong></span> <span class='ocrx_word' id='word_1_28' title='bbox 478 867 610 930; x_wconf 75' lang='lat' dir='ltr'><strong><em>nono-ina</em></strong></span> <span class='ocrx_word' id='word_1_29' title='bbox 631 866 854 948; x_wconf 77' lang='lat' dir='ltr'><strong><em>desarnpserit;</em></strong></span> <span class='ocrx_word' id='word_1_30' title='bbox 876 870 1008 951; x_wconf 78' lang='lat' dir='ltr'><strong><em>eaenipbi</em></strong></span> <span class='ocrx_word' id='word_1_31' title='bbox 1026 872 1135 953; x_wconf 73' lang='lat' dir='ltr'><strong><em>pratia</em></strong></span> <span class='ocrx_word' id='word_1_32' title='bbox 1156 894 1203 934; x_wconf 90' lang='lat' dir='ltr'><strong><em>ca.</em></strong></span> <span class='ocrx_word' id='word_1_33' title='bbox 1226 874 1268 934; x_wconf 87' lang='grc'><strong><em>35</em></strong></span> <span class='ocrx_word' id='word_1_34' title='bbox 1283 873 1414 936; x_wconf 74' lang='grc'><strong><em>22662166</em></strong></span> <span class='ocrx_word' id='word_1_35' title='bbox 1432 873 1591 938; x_wconf 80' lang='lat' dir='ltr'><strong><em>Goldastii</em></strong></span> <span class='ocrx_word' id='word_1_36' title='bbox 1613 877 1649 938; x_wconf 85' lang='lat' dir='ltr'><strong><em>in</em></strong></span> <span class='ocrx_word' id='word_1_37' title='bbox 1670 897 1734 938; x_wconf 83' lang='lat' dir='ltr'><strong><em>mm</em></strong></span> <span class='ocrx_word' id='word_1_38' title='bbox 1756 876 1859 939; x_wconf 84' lang='lat' dir='ltr'><strong><em>codice</em></strong></span> 
     </span>
     <span class='ocr_line' id='line_1_5' title="bbox 201 969 1859 1061; baseline 0.006 -28"><span class='ocrx_word' id='word_1_39' title='bbox 201 969 393 1033; x_wconf 82' lang='lat' dir='ltr'><strong><em>Fabariensi</em></strong></span> <span class='ocrx_word' id='word_1_40' title='bbox 415 969 626 1048; x_wconf 69' lang='grc' dir='ltr'><strong><em>26226νὶ66662.</em></strong></span> <span class='ocrx_word' id='word_1_41' title='bbox 672 971 735 1037; x_wconf 78' lang='lat' dir='ltr'><strong><em>Sed</em></strong></span> <span class='ocrx_word' id='word_1_42' title='bbox 763 973 819 1037; x_wconf 86' lang='lat' dir='ltr'><strong><em>boc</em></strong></span> <span class='ocrx_word' id='word_1_43' title='bbox 846 975 979 1054; x_wconf 75' lang='lat' dir='ltr'><strong><em>fortuito</em></strong></span> <span class='ocrx_word' id='word_1_44' title='bbox 1007 977 1130 1056; x_wconf 74' lang='lat' dir='ltr'><strong><em>tractam</em></strong></span> <span class='ocrx_word' id='word_1_45' title='bbox 1158 999 1222 1041; x_wconf 92' lang='grc'><strong><em>6666</em></strong></span> <span class='ocrx_word' id='word_1_46' title='bbox 1253 1000 1350 1059; x_wconf 79' lang='lat' dir='ltr'><strong><em>eaqne</em></strong></span> <span class='ocrx_word' id='word_1_47' title='bbox 1377 981 1508 1043; x_wconf 82' lang='grc'><strong><em>66222626</em></strong></span> <span class='ocrx_word' id='word_1_48' title='bbox 1538 980 1571 1043; x_wconf 89' lang='lat' dir='ltr'><strong><em>in</em></strong></span> <span class='ocrx_word' id='word_1_49' title='bbox 1594 981 1747 1061; x_wconf 72' lang='lat' dir='ltr'><strong><em>pmntibns</em></strong></span> <span class='ocrx_word' id='word_1_50' title='bbox 1772 1003 1859 1046; x_wconf 84' lang='grc'><strong><em>22666</em></strong></span> 
     </span>
     <span class='ocr_line' id='line_1_6' title="bbox 201 1068 1860 1167; baseline 0.008 -32"><span class='ocrx_word' id='word_1_51' title='bbox 201 1072 371 1153; x_wconf 71' lang='lat' dir='ltr'><strong><em>deperditis</em></strong></span> <span class='ocrx_word' id='word_1_52' title='bbox 398 1071 515 1136; x_wconf 82' lang='lat' dir='ltr'><strong><em>codicis</em></strong></span> <span class='ocrx_word' id='word_1_53' title='bbox 537 1068 752 1156; x_wconf 70' lang='lat' dir='ltr'><strong><em>Sanpattertsis</em></strong></span> <span class='ocrx_word' id='word_1_54' title='bbox 778 1079 934 1142; x_wconf 77' lang='grc'><strong><em>6666161666</em></strong></span> <span class='ocrx_word' id='word_1_55' title='bbox 964 1081 1081 1157; x_wconf 82' lang='lat' dir='ltr'><strong><em>indico,</em></strong></span> <span class='ocrx_word' id='word_1_56' title='bbox 1111 1102 1184 1143; x_wconf 88' lang='lat' dir='ltr'><strong><em>cnm</em></strong></span> <span class='ocrx_word' id='word_1_57' title='bbox 1209 1086 1239 1145; x_wconf 89' lang='lat' dir='ltr'><strong><em>ct</em></strong></span> <span class='ocrx_word' id='word_1_58' title='bbox 1261 1103 1372 1161; x_wconf 77' lang='lat' dir='ltr'><strong><em>poema</em></strong></span> <span class='ocrx_word' id='word_1_59' title='bbox 1401 1084 1482 1160; x_wconf 87' lang='lat' dir='ltr'><strong><em>sint,</em></strong></span> <span class='ocrx_word' id='word_1_60' title='bbox 1513 1090 1542 1147; x_wconf 91' lang='lat' dir='ltr'><strong><em>ct</em></strong></span> <span class='ocrx_word' id='word_1_61' title='bbox 1565 1087 1664 1148; x_wconf 79' lang='lat' dir='ltr'><strong><em>nnius</em></strong></span> <span class='ocrx_word' id='word_1_62' title='bbox 1686 1086 1860 1167; x_wconf 77' lang='lat' dir='ltr'><strong><em>Ampierosis</em></strong></span> 
     </span>
     <span class='ocr_line' id='line_1_7' title="bbox 200 1175 1859 1271; baseline 0.008 -34"><span class='ocrx_word' id='word_1_63' title='bbox 200 1196 320 1256; x_wconf 74' lang='lat' dir='ltr'><strong><em>quoqne</em></strong></span> <span class='ocrx_word' id='word_1_64' title='bbox 343 1175 481 1256; x_wconf 79' lang='lat' dir='ltr'><strong><em>propria</em></strong></span> <span class='ocrx_word' id='word_1_65' title='bbox 510 1179 640 1242; x_wconf 84' lang='lat' dir='ltr'><strong><em>nomina</em></strong></span> <span class='ocrx_word' id='word_1_66' title='bbox 670 1180 839 1257; x_wconf 82' lang='lat' dir='ltr'><strong><em>nonnullo,</em></strong></span> <span class='ocrx_word' id='word_1_67' title='bbox 869 1203 930 1262; x_wconf 81' lang='lat' dir='ltr'><strong><em>qno</em></strong></span> <span class='ocrx_word' id='word_1_68' title='bbox 956 1183 1142 1247; x_wconf 81' lang='lat' dir='ltr'><strong><em>Gobtastins</em></strong></span> <span class='ocrx_word' id='word_1_69' title='bbox 1163 1188 1245 1248; x_wconf 86' lang='lat' dir='ltr'><strong><em>certo</em></strong></span> <span class='ocrx_word' id='word_1_70' title='bbox 1271 1206 1336 1249; x_wconf 89' lang='lat' dir='ltr'><strong><em>non</em></strong></span> <span class='ocrx_word' id='word_1_71' title='bbox 1362 1208 1442 1249; x_wconf 86' lang='grc'><strong><em>66226</em></strong></span> <span class='ocrx_word' id='word_1_72' title='bbox 1468 1191 1526 1264; x_wconf 84' lang='grc'><strong><em>666,</em></strong></span> <span class='ocrx_word' id='word_1_73' title='bbox 1555 1188 1591 1251; x_wconf 88' lang='lat' dir='ltr'><strong><em>in</em></strong></span> <span class='ocrx_word' id='word_1_74' title='bbox 1616 1188 1682 1252; x_wconf 86' lang='lat' dir='ltr'><strong><em>iltis</em></strong></span> <span class='ocrx_word' id='word_1_75' title='bbox 1709 1188 1859 1271; x_wconf 70' lang='grc'><strong><em>6666622666</em></strong></span> 
     </span>
     <span class='ocr_line' id='line_1_8' title="bbox 201 1279 1858 1373; baseline 0.009 -32"><span class='ocrx_word' id='word_1_76' title='bbox 201 1279 410 1359; x_wconf 71' lang='grc' dir='ltr'><strong><em>26662662ιί262.</em></strong></span> <span class='ocrx_word' id='word_1_77' title='bbox 455 1280 498 1343; x_wconf 89' lang='lat' dir='ltr'><strong><em>In</em></strong></span> <span class='ocrx_word' id='word_1_78' title='bbox 512 1282 620 1361; x_wconf 71' lang='grc'><strong><em>625626</em></strong></span> <span class='ocrx_word' id='word_1_79' title='bbox 646 1282 805 1348; x_wconf 78' lang='lat' dir='ltr'><strong><em>Gobiastii</em></strong></span> <span class='ocrx_word' id='word_1_80' title='bbox 827 1285 930 1365; x_wconf 84' lang='lat' dir='ltr'><strong><em>capite</em></strong></span> <span class='ocrx_word' id='word_1_81' title='bbox 951 1288 1091 1350; x_wconf 87' lang='lat' dir='ltr'><strong><em>omninm</em></strong></span> <span class='ocrx_word' id='word_1_82' title='bbox 1120 1287 1237 1352; x_wconf 87' lang='lat' dir='ltr'><strong><em>codicis</em></strong></span> <span class='ocrx_word' id='word_1_83' title='bbox 1262 1287 1481 1352; x_wconf 78' lang='lat' dir='ltr'><strong><em>columnarum</em></strong></span> <span class='ocrx_word' id='word_1_84' title='bbox 1503 1293 1633 1373; x_wconf 75' lang='lat' dir='ltr'><strong><em>vcstipia</em></strong></span> <span class='ocrx_word' id='word_1_85' title='bbox 1654 1293 1858 1372; x_wconf 81' lang='lat' dir='ltr'><strong><em>reperiantur</em></strong></span> 
     </span>
     <span class='ocr_line' id='line_1_9' title="bbox 201 1382 1858 1473; baseline 0.008 -27"><span class='ocrx_word' id='word_1_86' title='bbox 201 1383 336 1462; x_wconf 73' lang='lat' dir='ltr'><strong><em>exceptis</em></strong></span> <span class='ocrx_word' id='word_1_87' title='bbox 357 1382 403 1446; x_wconf 83' lang='lat' dir='ltr'><strong><em>cis</em></strong></span> <span class='ocrx_word' id='word_1_88' title='bbox 424 1404 506 1463; x_wconf 74' lang='lat' dir='ltr'><strong><em>qnae</em></strong></span> <span class='ocrx_word' id='word_1_89' title='bbox 528 1384 676 1449; x_wconf 84' lang='lat' dir='ltr'><strong><em>Ronmna</em></strong></span> <span class='ocrx_word' id='word_1_90' title='bbox 697 1386 744 1451; x_wconf 83' lang='lat' dir='ltr'><strong><em>oet</em></strong></span> <span class='ocrx_word' id='word_1_91' title='bbox 764 1387 957 1466; x_wconf 74' lang='lat' dir='ltr'><strong><em>seminarum</em></strong></span> <span class='ocrx_word' id='word_1_92' title='bbox 978 1390 1109 1453; x_wconf 81' lang='lat' dir='ltr'><strong><em>mnino</em></strong></span> <span class='ocrx_word' id='word_1_93' title='bbox 1130 1389 1375 1470; x_wconf 78' lang='lat' dir='ltr'><strong><em>cornpiectantnr</em></strong></span> <span class='ocrx_word' id='word_1_94' title='bbox 1395 1398 1425 1455; x_wconf 87' lang='grc'><strong><em>66</em></strong></span> <span class='ocrx_word' id='word_1_95' title='bbox 1453 1394 1500 1456; x_wconf 87' lang='lat' dir='ltr'><strong><em>cis</em></strong></span> <span class='ocrx_word' id='word_1_96' title='bbox 1523 1413 1604 1473; x_wconf 83' lang='lat' dir='ltr'><strong><em>qnae</em></strong></span> <span class='ocrx_word' id='word_1_97' title='bbox 1620 1394 1689 1458; x_wconf 86' lang='lat' dir='ltr'><strong><em>sine</em></strong></span> <span class='ocrx_word' id='word_1_98' title='bbox 1705 1401 1858 1460; x_wconf 84' lang='grc'><strong><em>6262226666</em></strong></span> 
     </span>
     <span class='ocr_line' id='line_1_10' title="bbox 201 1488 1857 1567; baseline 0.006 -17"><span class='ocrx_word' id='word_1_99' title='bbox 201 1491 276 1550; x_wconf 66' lang='lat' dir='ltr'><strong><em>snm</em></strong></span> <span class='ocrx_word' id='word_1_100' title='bbox 302 1488 467 1567; x_wconf 86' lang='grc'><strong><em>(13-18.</em></strong></span> <span class='ocrx_word' id='word_1_101' title='bbox 489 1490 541 1550; x_wconf 88' lang='grc'><strong><em>40.</em></strong></span> <span class='ocrx_word' id='word_1_102' title='bbox 565 1492 616 1551; x_wconf 88' lang='grc'><strong><em>03.</em></strong></span> <span class='ocrx_word' id='word_1_103' title='bbox 641 1490 691 1552; x_wconf 90' lang='grc'><strong><em>05.</em></strong></span> <span class='ocrx_word' id='word_1_104' title='bbox 715 1493 765 1553; x_wconf 95' lang='grc'><strong><em>70.</em></strong></span> <span class='ocrx_word' id='word_1_105' title='bbox 790 1496 840 1554; x_wconf 87' lang='lat'><strong><em>71.</em></strong></span> <span class='ocrx_word' id='word_1_106' title='bbox 863 1495 915 1555; x_wconf 91' lang='grc'><strong><em>82.</em></strong></span> <span class='ocrx_word' id='word_1_107' title='bbox 938 1496 990 1556; x_wconf 90' lang='grc'><strong><em>80.</em></strong></span> <span class='ocrx_word' id='word_1_108' title='bbox 1013 1495 1064 1557; x_wconf 91' lang='grc'><strong><em>92.</em></strong></span> <span class='ocrx_word' id='word_1_109' title='bbox 1090 1497 1161 1557; x_wconf 98' lang='grc'><strong><em>107.</em></strong></span> <span class='ocrx_word' id='word_1_110' title='bbox 1186 1497 1257 1556; x_wconf 94' lang='grc'><strong><em>109.</em></strong></span> <span class='ocrx_word' id='word_1_111' title='bbox 1281 1498 1353 1557; x_wconf 93' lang='grc'><strong><em>110.</em></strong></span> <span class='ocrx_word' id='word_1_112' title='bbox 1378 1496 1567 1558; x_wconf 85' lang='grc'><strong><em>129-140.</em></strong></span> <span class='ocrx_word' id='word_1_113' title='bbox 1592 1500 1663 1560; x_wconf 89' lang='grc'><strong><em>148.</em></strong></span> <span class='ocrx_word' id='word_1_114' title='bbox 1690 1500 1760 1561; x_wconf 89' lang='grc'><strong><em>150.</em></strong></span> <span class='ocrx_word' id='word_1_115' title='bbox 1785 1502 1857 1561; x_wconf 93' lang='grc'><strong><em>100.</em></strong></span> 
     </span>
     <span class='ocr_line' id='line_1_11' title="bbox 202 1590 1857 1665; baseline 0.007 -12"><span class='ocrx_word' id='word_1_116' title='bbox 202 1590 668 1655; x_wconf 79' lang='grc'><strong><em>176182-195197-201.</em></strong></span> <span class='ocrx_word' id='word_1_117' title='bbox 690 1595 764 1657; x_wconf 87' lang='grc'><strong><em>208.</em></strong></span> <span class='ocrx_word' id='word_1_118' title='bbox 786 1596 860 1658; x_wconf 91' lang='grc'><strong><em>219.</em></strong></span> <span class='ocrx_word' id='word_1_119' title='bbox 883 1598 957 1659; x_wconf 90' lang='grc'><strong><em>220.</em></strong></span> <span class='ocrx_word' id='word_1_120' title='bbox 979 1598 1161 1661; x_wconf 80' lang='grc'><strong><em>234-240.</em></strong></span> <span class='ocrx_word' id='word_1_121' title='bbox 1184 1599 1257 1660; x_wconf 88' lang='grc'><strong><em>248.</em></strong></span> <span class='ocrx_word' id='word_1_122' title='bbox 1281 1599 1354 1660; x_wconf 87' lang='grc'><strong><em>250.</em></strong></span> <span class='ocrx_word' id='word_1_123' title='bbox 1377 1600 1450 1660; x_wconf 84' lang='grc'><strong><em>200.</em></strong></span> <span class='ocrx_word' id='word_1_124' title='bbox 1473 1600 1655 1663; x_wconf 84' lang='grc'><strong><em>264-267.</em></strong></span> <span class='ocrx_word' id='word_1_125' title='bbox 1675 1603 1857 1665; x_wconf 86' lang='grc'><strong><em>268-283.</em></strong></span> 
     </span>
     <span class='ocr_line' id='line_1_12' title="bbox 200 1694 1857 1778; baseline 0.007 -22"><span class='ocrx_word' id='word_1_126' title='bbox 200 1694 274 1756; x_wconf 91' lang='grc'><strong><em>298.</em></strong></span> <span class='ocrx_word' id='word_1_127' title='bbox 296 1695 371 1757; x_wconf 93' lang='grc'><strong><em>307.</em></strong></span> <span class='ocrx_word' id='word_1_128' title='bbox 393 1696 466 1757; x_wconf 92' lang='grc'><strong><em>313.</em></strong></span> <span class='ocrx_word' id='word_1_129' title='bbox 489 1696 577 1778; x_wconf 85' lang='grc'><strong><em>318).</em></strong></span> <span class='ocrx_word' id='word_1_130' title='bbox 628 1697 671 1759; x_wconf 89' lang='lat' dir='ltr'><strong><em>In</em></strong></span> <span class='ocrx_word' id='word_1_131' title='bbox 698 1698 835 1762; x_wconf 83' lang='lat' dir='ltr'><strong><em>secundo</em></strong></span> <span class='ocrx_word' id='word_1_132' title='bbox 857 1699 960 1778; x_wconf 82' lang='lat' dir='ltr'><strong><em>capite</em></strong></span> <span class='ocrx_word' id='word_1_133' title='bbox 981 1700 1129 1764; x_wconf 84' lang='lat' dir='ltr'><strong><em>Rmnana</em></strong></span> <span class='ocrx_word' id='word_1_134' title='bbox 1158 1701 1288 1764; x_wconf 83' lang='grc'><strong><em>22662626</em></strong></span> <span class='ocrx_word' id='word_1_135' title='bbox 1316 1704 1453 1764; x_wconf 85' lang='grc'><strong><em>13-18,</em></strong></span> <span class='ocrx_word' id='word_1_136' title='bbox 1481 1704 1620 1766; x_wconf 89' lang='grc'><strong><em>46-49.</em></strong></span> <span class='ocrx_word' id='word_1_137' title='bbox 1645 1705 1695 1767; x_wconf 88' lang='grc'><strong><em>53.</em></strong></span> <span class='ocrx_word' id='word_1_138' title='bbox 1720 1707 1857 1768; x_wconf 88' lang='grc'><strong><em>63-65.</em></strong></span> 
     </span>
     <span class='ocr_line' id='line_1_13' title="bbox 203 1798 1857 1872; baseline 0.009 -15"><span class='ocrx_word' id='word_1_139' title='bbox 203 1799 253 1858; x_wconf 92' lang='grc'><strong><em>07.</em></strong></span> <span class='ocrx_word' id='word_1_140' title='bbox 283 1798 333 1858; x_wconf 91' lang='grc'><strong><em>08.</em></strong></span> <span class='ocrx_word' id='word_1_141' title='bbox 362 1799 413 1860; x_wconf 87' lang='grc'><strong><em>71.</em></strong></span> <span class='ocrx_word' id='word_1_142' title='bbox 442 1800 515 1861; x_wconf 89' lang='grc'><strong><em>107.</em></strong></span> <span class='ocrx_word' id='word_1_143' title='bbox 544 1801 723 1864; x_wconf 90' lang='grc'><strong><em>181-201.</em></strong></span> <span class='ocrx_word' id='word_1_144' title='bbox 751 1803 933 1866; x_wconf 82' lang='grc'><strong><em>234-240,</em></strong></span> <span class='ocrx_word' id='word_1_145' title='bbox 957 1805 1140 1867; x_wconf 89' lang='grc'><strong><em>200-202.</em></strong></span> <span class='ocrx_word' id='word_1_146' title='bbox 1162 1806 1344 1867; x_wconf 87' lang='grc'><strong><em>208-282.</em></strong></span> <span class='ocrx_word' id='word_1_147' title='bbox 1367 1809 1397 1868; x_wconf 83' lang='grc'><strong><em>66</em></strong></span> <span class='ocrx_word' id='word_1_148' title='bbox 1418 1804 1573 1869; x_wconf 80' lang='grc'><strong><em>66226606</em></strong></span> <span class='ocrx_word' id='word_1_149' title='bbox 1595 1827 1634 1869; x_wconf 79' lang='lat' dir='ltr'><strong><em>cx</em></strong></span> <span class='ocrx_word' id='word_1_150' title='bbox 1655 1810 1706 1870; x_wconf 87' lang='grc'><strong><em>34.</em></strong></span> <span class='ocrx_word' id='word_1_151' title='bbox 1730 1812 1782 1871; x_wconf 88' lang='grc'><strong><em>30.</em></strong></span> <span class='ocrx_word' id='word_1_152' title='bbox 1804 1811 1857 1872; x_wconf 83' lang='grc'><strong><em>37.</em></strong></span> 
     </span>
     <span class='ocr_line' id='line_1_14' title="bbox 201 1900 1857 1974; baseline 0.008 -14"><span class='ocrx_word' id='word_1_153' title='bbox 201 1901 252 1961; x_wconf 92' lang='grc'><strong><em>39.</em></strong></span> <span class='ocrx_word' id='word_1_154' title='bbox 275 1900 413 1964; x_wconf 83' lang='grc'><strong><em>43-45,</em></strong></span> <span class='ocrx_word' id='word_1_155' title='bbox 436 1901 487 1964; x_wconf 96' lang='grc'><strong><em>53.</em></strong></span> <span class='ocrx_word' id='word_1_156' title='bbox 511 1906 562 1966; x_wconf 87' lang='grc'><strong><em>77.</em></strong></span> <span class='ocrx_word' id='word_1_157' title='bbox 586 1905 658 1967; x_wconf 91' lang='grc'><strong><em>115.</em></strong></span> <span class='ocrx_word' id='word_1_158' title='bbox 683 1908 754 1968; x_wconf 90' lang='grc'><strong><em>110.</em></strong></span> <span class='ocrx_word' id='word_1_159' title='bbox 779 1908 851 1968; x_wconf 92' lang='grc'><strong><em>119.</em></strong></span> <span class='ocrx_word' id='word_1_160' title='bbox 877 1909 947 1969; x_wconf 88' lang='grc'><strong><em>121.</em></strong></span> <span class='ocrx_word' id='word_1_161' title='bbox 972 1910 1044 1971; x_wconf 90' lang='grc'><strong><em>122.</em></strong></span> <span class='ocrx_word' id='word_1_162' title='bbox 1071 1909 1140 1969; x_wconf 86' lang='grc'><strong><em>150.</em></strong></span> <span class='ocrx_word' id='word_1_163' title='bbox 1163 1909 1344 1970; x_wconf 77' lang='grc'><strong><em>210-213.</em></strong></span> <span class='ocrx_word' id='word_1_164' title='bbox 1373 1910 1446 1970; x_wconf 88' lang='grc'><strong><em>218.</em></strong></span> <span class='ocrx_word' id='word_1_165' title='bbox 1473 1911 1655 1973; x_wconf 79' lang='grc'><strong><em>224-228.</em></strong></span> <span class='ocrx_word' id='word_1_166' title='bbox 1682 1914 1755 1974; x_wconf 78' lang='grc'><strong><em>248.</em></strong></span> <span class='ocrx_word' id='word_1_167' title='bbox 1783 1915 1857 1974; x_wconf 90' lang='grc'><strong><em>204.</em></strong></span> 
     </span>
     <span class='ocr_line' id='line_1_15' title="bbox 201 2003 1857 2091; baseline 0.007 -26"><span class='ocrx_word' id='word_1_168' title='bbox 201 2003 274 2065; x_wconf 92' lang='grc'><strong><em>296.</em></strong></span> <span class='ocrx_word' id='word_1_169' title='bbox 296 2005 370 2065; x_wconf 88' lang='grc'><strong><em>316.</em></strong></span> <span class='ocrx_word' id='word_1_170' title='bbox 394 2005 585 2085; x_wconf 74' lang='grc'><strong><em>6666616166,</em></strong></span> <span class='ocrx_word' id='word_1_171' title='bbox 613 2028 694 2087; x_wconf 82' lang='lat' dir='ltr'><strong><em>qaae</em></strong></span> <span class='ocrx_word' id='word_1_172' title='bbox 716 2008 752 2071; x_wconf 88' lang='lat' dir='ltr'><strong><em>in</em></strong></span> <span class='ocrx_word' id='word_1_173' title='bbox 775 2009 877 2072; x_wconf 86' lang='lat' dir='ltr'><strong><em>codice</em></strong></span> <span class='ocrx_word' id='word_1_174' title='bbox 899 2010 967 2089; x_wconf 85' lang='lat' dir='ltr'><strong><em>ipso</em></strong></span> <span class='ocrx_word' id='word_1_175' title='bbox 990 2008 1075 2072; x_wconf 75' lang='lat' dir='ltr'><strong><em>liezca</em></strong></span> <span class='ocrx_word' id='word_1_176' title='bbox 1096 2009 1299 2072; x_wconf 78' lang='lat' dir='ltr'><strong><em>snbtcrdrmta</em></strong></span> <span class='ocrx_word' id='word_1_177' title='bbox 1325 2009 1514 2091; x_wconf 75' lang='lat' dir='ltr'><strong><em>ricsipnaoit‚</em></strong></span> <span class='ocrx_word' id='word_1_178' title='bbox 1543 2013 1652 2075; x_wconf 78' lang='lat' dir='ltr'><strong><em>ordine</em></strong></span> <span class='ocrx_word' id='word_1_179' title='bbox 1679 2012 1857 2077; x_wconf 77' lang='lat' dir='ltr'><strong><em>litterarum</em></strong></span> 
     </span>
     <span class='ocr_line' id='line_1_16' title="bbox 202 2104 1856 2192; baseline 0.011 -24"><span class='ocrx_word' id='word_1_180' title='bbox 202 2104 356 2185; x_wconf 74' lang='lat' dir='ltr'><strong><em>disposita</em></strong></span> <span class='ocrx_word' id='word_1_181' title='bbox 378 2108 572 2188; x_wconf 69' lang='lat' dir='ltr'><strong><em>corascmpsit.</em></strong></span> <span class='ocrx_word' id='word_1_182' title='bbox 617 2110 758 2174; x_wconf 77' lang='lat' dir='ltr'><strong><em>Tertium</em></strong></span> <span class='ocrx_word' id='word_1_183' title='bbox 780 2117 878 2192; x_wconf 74' lang='lat' dir='ltr'><strong><em>capmt</em></strong></span> <span class='ocrx_word' id='word_1_184' title='bbox 899 2132 937 2175; x_wconf 82' lang='lat' dir='ltr'><strong><em>ccc</em></strong></span> <span class='ocrx_word' id='word_1_185' title='bbox 960 2114 1075 2176; x_wconf 83' lang='grc'><strong><em>7-12.</em></strong></span> <span class='ocrx_word' id='word_1_186' title='bbox 1104 2114 1150 2175; x_wconf 91' lang='grc'><strong><em>19.</em></strong></span> <span class='ocrx_word' id='word_1_187' title='bbox 1172 2115 1224 2176; x_wconf 90' lang='grc'><strong><em>21.</em></strong></span> <span class='ocrx_word' id='word_1_188' title='bbox 1247 2115 1300 2176; x_wconf 88' lang='grc'><strong><em>22.</em></strong></span> <span class='ocrx_word' id='word_1_189' title='bbox 1322 2115 1461 2177; x_wconf 90' lang='grc'><strong><em>25-30.</em></strong></span> <span class='ocrx_word' id='word_1_190' title='bbox 1483 2117 1621 2177; x_wconf 81' lang='grc'><strong><em>34-40.</em></strong></span> <span class='ocrx_word' id='word_1_191' title='bbox 1645 2116 1782 2179; x_wconf 86' lang='grc'><strong><em>42-45.</em></strong></span> <span class='ocrx_word' id='word_1_192' title='bbox 1807 2118 1856 2186; x_wconf 89' lang='grc'><strong><em>50.</em></strong></span> 
     </span>
     <span class='ocr_line' id='line_1_17' title="bbox 203 2207 1857 2282; baseline 0.007 -11"><span class='ocrx_word' id='word_1_193' title='bbox 203 2207 253 2272; x_wconf 88' lang='grc'><strong><em>51.</em></strong></span> <span class='ocrx_word' id='word_1_194' title='bbox 284 2211 335 2274; x_wconf 92' lang='grc'><strong><em>53.</em></strong></span> <span class='ocrx_word' id='word_1_195' title='bbox 364 2210 415 2274; x_wconf 84' lang='grc'><strong><em>54.</em></strong></span> <span class='ocrx_word' id='word_1_196' title='bbox 446 2213 496 2274; x_wconf 89' lang='grc'><strong><em>56.</em></strong></span> <span class='ocrx_word' id='word_1_197' title='bbox 524 2212 574 2276; x_wconf 88' lang='grc'><strong><em>58.</em></strong></span> <span class='ocrx_word' id='word_1_198' title='bbox 603 2216 739 2278; x_wconf 90' lang='grc'><strong><em>60-62.</em></strong></span> <span class='ocrx_word' id='word_1_199' title='bbox 769 2218 820 2278; x_wconf 89' lang='grc'><strong><em>60.</em></strong></span> <span class='ocrx_word' id='word_1_200' title='bbox 850 2218 900 2278; x_wconf 87' lang='grc'><strong><em>68.</em></strong></span> <span class='ocrx_word' id='word_1_201' title='bbox 928 2217 979 2278; x_wconf 92' lang='grc'><strong><em>69.</em></strong></span> <span class='ocrx_word' id='word_1_202' title='bbox 1009 2218 1145 2278; x_wconf 85' lang='grc'><strong><em>72-74.</em></strong></span> <span class='ocrx_word' id='word_1_203' title='bbox 1176 2219 1227 2278; x_wconf 90' lang='grc'><strong><em>77.</em></strong></span> <span class='ocrx_word' id='word_1_204' title='bbox 1258 2219 1308 2278; x_wconf 88' lang='grc'><strong><em>78.</em></strong></span> <span class='ocrx_word' id='word_1_205' title='bbox 1332 2218 1470 2280; x_wconf 86' lang='grc'><strong><em>80-83.</em></strong></span> <span class='ocrx_word' id='word_1_206' title='bbox 1493 2219 1653 2282; x_wconf 85' lang='grc'><strong><em>85-110.</em></strong></span> <span class='ocrx_word' id='word_1_207' title='bbox 1677 2220 1857 2282; x_wconf 87' lang='grc'><strong><em>113-115.</em></strong></span> 
     </span>
     <span class='ocr_line' id='line_1_18' title="bbox 204 2316 1858 2387; baseline 0.007 -12"><span class='ocrx_word' id='word_1_208' title='bbox 204 2316 777 2384; x_wconf 85' lang='grc'><strong><em>118-164.100-171.173-180.</em></strong></span> <span class='ocrx_word' id='word_1_209' title='bbox 794 2321 977 2383; x_wconf 87' lang='grc'><strong><em>221-232.</em></strong></span> <span class='ocrx_word' id='word_1_210' title='bbox 999 2320 1181 2383; x_wconf 87' lang='grc'><strong><em>247-249.</em></strong></span> <span class='ocrx_word' id='word_1_211' title='bbox 1204 2320 1278 2383; x_wconf 88' lang='grc'><strong><em>252.</em></strong></span> <span class='ocrx_word' id='word_1_212' title='bbox 1301 2320 1375 2382; x_wconf 88' lang='grc'><strong><em>253.</em></strong></span> <span class='ocrx_word' id='word_1_213' title='bbox 1398 2322 1472 2383; x_wconf 88' lang='grc'><strong><em>202.</em></strong></span> <span class='ocrx_word' id='word_1_214' title='bbox 1495 2324 1568 2385; x_wconf 89' lang='grc'><strong><em>203.</em></strong></span> <span class='ocrx_word' id='word_1_215' title='bbox 1591 2324 1664 2384; x_wconf 90' lang='grc'><strong><em>200.</em></strong></span> <span class='ocrx_word' id='word_1_216' title='bbox 1687 2325 1761 2386; x_wconf 88' lang='grc'><strong><em>270.</em></strong></span> <span class='ocrx_word' id='word_1_217' title='bbox 1784 2326 1858 2387; x_wconf 88' lang='grc'><strong><em>283.</em></strong></span> 
     </span>
     <span class='ocr_line' id='line_1_19' title="bbox 139 2406 1858 2505; baseline 0.005 -24"><span class='ocrx_word' id='word_1_218' title='bbox 139 2406 143 2413; x_wconf 85' lang='grc'><strong>’</strong></span> <span class='ocrx_word' id='word_1_219' title='bbox 202 2420 275 2481; x_wconf 74' lang='grc'><strong><em>262.</em></strong></span> <span class='ocrx_word' id='word_1_220' title='bbox 303 2418 377 2482; x_wconf 82' lang='grc'><strong><em>266.</em></strong></span> <span class='ocrx_word' id='word_1_221' title='bbox 404 2421 477 2484; x_wconf 87' lang='lat'><strong><em>291.</em></strong></span> <span class='ocrx_word' id='word_1_222' title='bbox 504 2422 578 2485; x_wconf 79' lang='grc'><strong><em>261.</em></strong></span> <span class='ocrx_word' id='word_1_223' title='bbox 604 2423 679 2486; x_wconf 80' lang='lat'><strong><em>295.</em></strong></span> <span class='ocrx_word' id='word_1_224' title='bbox 707 2425 781 2486; x_wconf 81' lang='grc'><strong><em>26.</em></strong></span> <span class='ocrx_word' id='word_1_225' title='bbox 807 2425 990 2486; x_wconf 78' lang='grc'><strong><em>266--622,</em></strong></span> <span class='ocrx_word' id='word_1_226' title='bbox 1016 2427 1189 2484; x_wconf 69' lang='lat' dir='ltr'><strong><em>are-azo</em></strong></span> <span class='ocrx_word' id='word_1_227' title='bbox 1215 2424 1359 2503; x_wconf 71' lang='lat' dir='ltr'><strong><em>sumpse.</em></strong></span> <span class='ocrx_word' id='word_1_228' title='bbox 1413 2424 1570 2505; x_wconf 72' lang='lat' dir='ltr'><strong><em>ouercam</em></strong></span> <span class='ocrx_word' id='word_1_229' title='bbox 1597 2446 1635 2488; x_wconf 77' lang='grc'><strong><em>6</em></strong></span> <span class='ocrx_word' id='word_1_230' title='bbox 1659 2427 1708 2488; x_wconf 82' lang='lat' dir='ltr'><strong><em>rs.</em></strong></span> <span class='ocrx_word' id='word_1_231' title='bbox 1731 2429 1783 2489; x_wconf 88' lang='grc'><strong><em>66.</em></strong></span> <span class='ocrx_word' id='word_1_232' title='bbox 1806 2430 1858 2489; x_wconf 78' lang='grc'><strong><em>62.</em></strong></span> 
     </span>
     <span class='ocr_line' id='line_1_20' title="bbox 202 2521 1859 2592; baseline 0.006 -10"><span class='ocrx_word' id='word_1_233' title='bbox 202 2521 254 2583; x_wconf 91' lang='grc'><strong><em>45.</em></strong></span> <span class='ocrx_word' id='word_1_234' title='bbox 276 2521 328 2584; x_wconf 89' lang='grc'><strong><em>93.</em></strong></span> <span class='ocrx_word' id='word_1_235' title='bbox 351 2521 402 2585; x_wconf 89' lang='grc'><strong><em>97.</em></strong></span> <span class='ocrx_word' id='word_1_236' title='bbox 427 2524 499 2588; x_wconf 89' lang='grc'><strong><em>109.</em></strong></span> <span class='ocrx_word' id='word_1_237' title='bbox 524 2527 595 2588; x_wconf 89' lang='grc'><strong><em>127.</em></strong></span> <span class='ocrx_word' id='word_1_238' title='bbox 620 2528 692 2589; x_wconf 89' lang='grc'><strong><em>132.</em></strong></span> <span class='ocrx_word' id='word_1_239' title='bbox 718 2525 789 2589; x_wconf 88' lang='grc'><strong><em>135.</em></strong></span> <span class='ocrx_word' id='word_1_240' title='bbox 814 2530 886 2589; x_wconf 89' lang='grc'><strong><em>137.</em></strong></span> <span class='ocrx_word' id='word_1_241' title='bbox 912 2529 1179 2588; x_wconf 83' lang='grc'><strong><em>138143-148.</em></strong></span> <span class='ocrx_word' id='word_1_242' title='bbox 1205 2528 1276 2589; x_wconf 90' lang='grc'><strong><em>150.</em></strong></span> <span class='ocrx_word' id='word_1_243' title='bbox 1305 2527 1376 2589; x_wconf 88' lang='grc'><strong><em>151.</em></strong></span> <span class='ocrx_word' id='word_1_244' title='bbox 1403 2529 1473 2591; x_wconf 88' lang='grc'><strong><em>152.</em></strong></span> <span class='ocrx_word' id='word_1_245' title='bbox 1498 2530 1570 2590; x_wconf 89' lang='grc'><strong><em>108.</em></strong></span> <span class='ocrx_word' id='word_1_246' title='bbox 1595 2531 1666 2590; x_wconf 92' lang='grc'><strong><em>173.</em></strong></span> <span class='ocrx_word' id='word_1_247' title='bbox 1690 2532 1761 2592; x_wconf 90' lang='grc'><strong><em>170.</em></strong></span> <span class='ocrx_word' id='word_1_248' title='bbox 1785 2532 1859 2592; x_wconf 90' lang='grc'><strong><em>177.</em></strong></span> 
     </span>
     <span class='ocr_line' id='line_1_21' title="bbox 202 2626 1859 2711; baseline 0.004 -23"><span class='ocrx_word' id='word_1_249' title='bbox 202 2626 277 2688; x_wconf 86' lang='grc'><strong><em>231.</em></strong></span> <span class='ocrx_word' id='word_1_250' title='bbox 298 2627 372 2689; x_wconf 87' lang='grc'><strong><em>248.</em></strong></span> <span class='ocrx_word' id='word_1_251' title='bbox 395 2627 469 2690; x_wconf 88' lang='grc'><strong><em>264.</em></strong></span> <span class='ocrx_word' id='word_1_252' title='bbox 491 2629 566 2692; x_wconf 88' lang='grc'><strong><em>265.</em></strong></span> <span class='ocrx_word' id='word_1_253' title='bbox 586 2630 769 2694; x_wconf 83' lang='grc'><strong><em>297-299.</em></strong></span> <span class='ocrx_word' id='word_1_254' title='bbox 792 2632 857 2692; x_wconf 88' lang='grc'><strong><em>316</em></strong></span> <span class='ocrx_word' id='word_1_255' title='bbox 879 2627 1058 2709; x_wconf 69' lang='lat' dir='ltr'><strong><em>compilavit</em></strong></span> <span class='ocrx_word' id='word_1_256' title='bbox 1080 2629 1137 2704; x_wconf 83' lang='lat' dir='ltr'><strong><em>ita,</em></strong></span> <span class='ocrx_word' id='word_1_257' title='bbox 1160 2633 1197 2692; x_wconf 88' lang='grc'><strong><em>66</em></strong></span> <span class='ocrx_word' id='word_1_258' title='bbox 1219 2628 1295 2691; x_wconf 82' lang='lat' dir='ltr'><strong><em>baec</em></strong></span> <span class='ocrx_word' id='word_1_259' title='bbox 1316 2650 1437 2709; x_wconf 78' lang='lat' dir='ltr'><strong><em>qrnqnc</em></strong></span> <span class='ocrx_word' id='word_1_260' title='bbox 1458 2631 1589 2693; x_wconf 86' lang='lat' dir='ltr'><strong><em>nomino</em></strong></span> <span class='ocrx_word' id='word_1_261' title='bbox 1609 2631 1646 2693; x_wconf 87' lang='lat' dir='ltr'><strong><em>in</em></strong></span> <span class='ocrx_word' id='word_1_262' title='bbox 1668 2631 1735 2711; x_wconf 89' lang='lat' dir='ltr'><strong><em>ipso</em></strong></span> <span class='ocrx_word' id='word_1_263' title='bbox 1757 2631 1859 2695; x_wconf 88' lang='lat' dir='ltr'><strong><em>codice</em></strong></span> 
     </span>
     <span class='ocr_line' id='line_1_22' title="bbox 203 2725 1860 2809; baseline 0.005 -20"><span class='ocrx_word' id='word_1_264' title='bbox 203 2725 288 2790; x_wconf 82' lang='grc'><strong><em>0666</em></strong></span> <span class='ocrx_word' id='word_1_265' title='bbox 308 2729 478 2809; x_wconf 63' lang='lat' dir='ltr'><strong><em>canariam</em></strong></span> <span class='ocrx_word' id='word_1_266' title='bbox 499 2731 649 2795; x_wconf 82' lang='lat' dir='ltr'><strong><em>redderet.</em></strong></span> <span class='ocrx_word' id='word_1_267' title='bbox 694 2731 766 2797; x_wconf 86' lang='lat' dir='ltr'><strong><em>Has</em></strong></span> <span class='ocrx_word' id='word_1_268' title='bbox 787 2732 889 2796; x_wconf 80' lang='lat' dir='ltr'><strong><em>tineas</em></strong></span> <span class='ocrx_word' id='word_1_269' title='bbox 909 2753 981 2796; x_wconf 82' lang='grc'><strong><em>62622</em></strong></span> <span class='ocrx_word' id='word_1_270' title='bbox 1003 2753 1025 2795; x_wconf 91' lang='grc'><strong><em>6</em></strong></span> <span class='ocrx_word' id='word_1_271' title='bbox 1051 2730 1215 2796; x_wconf 80' lang='grc'><strong><em>0662666616</em></strong></span> <span class='ocrx_word' id='word_1_272' title='bbox 1237 2732 1368 2795; x_wconf 78' lang='grc'><strong><em>(61661666</em></strong></span> <span class='ocrx_word' id='word_1_273' title='bbox 1388 2753 1453 2796; x_wconf 90' lang='lat' dir='ltr'><strong><em>esse</em></strong></span> <span class='ocrx_word' id='word_1_274' title='bbox 1474 2753 1561 2796; x_wconf 86' lang='grc'><strong><em>62626</em></strong></span> <span class='ocrx_word' id='word_1_275' title='bbox 1582 2733 1809 2797; x_wconf 75' lang='lat' dir='ltr'><strong><em>ostendermms</em></strong></span> <span class='ocrx_word' id='word_1_276' title='bbox 1824 2735 1860 2798; x_wconf 88' lang='lat' dir='ltr'><strong><em>in</em></strong></span> 
     </span>
     <span class='ocr_line' id='line_1_23' title="bbox 207 2829 1860 2917; baseline 0.005 -25"><span class='ocrx_word' id='word_1_277' title='bbox 207 2829 341 2894; x_wconf 85' lang='lat' dir='ltr'><strong><em>editione</em></strong></span> <span class='ocrx_word' id='word_1_278' title='bbox 361 2831 434 2911; x_wconf 66' lang='grc'><strong><em>1666</em></strong></span> <span class='ocrx_word' id='word_1_279' title='bbox 449 2854 586 2912; x_wconf 75' lang='lat' dir='ltr'><strong><em>proram</em></strong></span> <span class='ocrx_word' id='word_1_280' title='bbox 606 2834 802 2917; x_wconf 75' lang='lat' dir='ltr'><strong><em>neplipemms.</em></strong></span> <span class='ocrx_word' id='word_1_281' title='bbox 852 2833 932 2900; x_wconf 85' lang='grc'><strong><em>0662</em></strong></span> <span class='ocrx_word' id='word_1_282' title='bbox 954 2836 1093 2899; x_wconf 83' lang='grc'><strong><em>66166266</em></strong></span> <span class='ocrx_word' id='word_1_283' title='bbox 1114 2840 1189 2915; x_wconf 78' lang='lat' dir='ltr'><strong><em>quot</em></strong></span> <span class='ocrx_word' id='word_1_284' title='bbox 1204 2835 1334 2898; x_wconf 84' lang='grc'><strong><em>6662166</em></strong></span> <span class='ocrx_word' id='word_1_285' title='bbox 1353 2833 1514 2899; x_wconf 83' lang='lat' dir='ltr'><strong><em>Gotdastii</em></strong></span> <span class='ocrx_word' id='word_1_286' title='bbox 1528 2837 1564 2899; x_wconf 88' lang='lat' dir='ltr'><strong><em>in</em></strong></span> <span class='ocrx_word' id='word_1_287' title='bbox 1579 2841 1686 2900; x_wconf 83' lang='lat' dir='ltr'><strong><em>nostro</em></strong></span> <span class='ocrx_word' id='word_1_288' title='bbox 1702 2835 1780 2899; x_wconf 82' lang='grc'><strong><em>0526</em></strong></span> <span class='ocrx_word' id='word_1_289' title='bbox 1795 2858 1860 2901; x_wconf 87' lang='lat' dir='ltr'><strong><em>non</em></strong></span> 
     </span>
     <span class='ocr_line' id='line_1_24' title="bbox 203 2933 1858 3021; baseline 0.005 -25"><span class='ocrx_word' id='word_1_290' title='bbox 203 2939 372 2999; x_wconf 84' lang='grc'><strong><em>6666226226</em></strong></span> <span class='ocrx_word' id='word_1_291' title='bbox 392 2933 487 3015; x_wconf 75' lang='lat' dir='ltr'><strong><em>foedo</em></strong></span> <span class='ocrx_word' id='word_1_292' title='bbox 508 2942 554 3001; x_wconf 84' lang='lat' dir='ltr'><strong><em>est</em></strong></span> <span class='ocrx_word' id='word_1_293' title='bbox 575 2944 756 3019; x_wconf 77' lang='lat' dir='ltr'><strong><em>computare</em></strong></span> <span class='ocrx_word' id='word_1_294' title='bbox 771 2940 996 3021; x_wconf 78' lang='lat' dir='ltr'><strong><em>qnotpmpinas</em></strong></span> <span class='ocrx_word' id='word_1_295' title='bbox 1011 2937 1203 3002; x_wconf 80' lang='grc'><strong><em>6666666166</em></strong></span> <span class='ocrx_word' id='word_1_296' title='bbox 1219 2938 1364 3002; x_wconf 83' lang='lat' dir='ltr'><strong><em>babuerit</em></strong></span> <span class='ocrx_word' id='word_1_297' title='bbox 1379 2959 1460 3018; x_wconf 82' lang='lat' dir='ltr'><strong><em>qnae</em></strong></span> <span class='ocrx_word' id='word_1_298' title='bbox 1477 2959 1564 3002; x_wconf 86' lang='grc'><strong><em>6666</em></strong></span> <span class='ocrx_word' id='word_1_299' title='bbox 1579 2939 1758 3019; x_wconf 71' lang='lat' dir='ltr'><strong><em>depoerditae</em></strong></span> <span class='ocrx_word' id='word_1_300' title='bbox 1773 2946 1858 3004; x_wconf 83' lang='lat' dir='ltr'><strong><em>sunt.</em></strong></span> 
     </span>
    </p>

    <p class='ocr_par' dir='ltr' id='par_1_3' title="bbox 203 3036 1929 4268">
     <span class='ocr_line' id='line_1_25' title="bbox 310 3036 1860 3121; baseline 0.004 -20"><span class='ocrx_word' id='word_1_301' title='bbox 310 3036 443 3103; x_wconf 78' lang='lat' dir='ltr'><strong><em>Praetor</em></strong></span> <span class='ocrx_word' id='word_1_302' title='bbox 468 3038 669 3106; x_wconf 83' lang='lat' dir='ltr'><strong><em>Goldastinm</em></strong></span> <span class='ocrx_word' id='word_1_303' title='bbox 691 3041 902 3107; x_wconf 79' lang='lat' dir='ltr'><strong><em>Mabidonins</em></strong></span> <span class='ocrx_word' id='word_1_304' title='bbox 931 3044 968 3106; x_wconf 88' lang='lat' dir='ltr'><strong><em>in</em></strong></span> <span class='ocrx_word' id='word_1_305' title='bbox 996 3040 1169 3105; x_wconf 80' lang='lat' dir='ltr'><strong><em>annalibus</em></strong></span> <span class='ocrx_word' id='word_1_306' title='bbox 1198 3041 1328 3121; x_wconf 74' lang='lat' dir='ltr'><strong><em>smptus</em></strong></span> <span class='ocrx_word' id='word_1_307' title='bbox 1356 3045 1463 3105; x_wconf 80' lang='grc'><strong><em>666626</em></strong></span> <span class='ocrx_word' id='word_1_308' title='bbox 1491 3041 1594 3105; x_wconf 83' lang='lat' dir='ltr'><strong><em>codice</em></strong></span> <span class='ocrx_word' id='word_1_309' title='bbox 1621 3063 1702 3104; x_wconf 86' lang='grc'><strong><em>6666</em></strong></span> <span class='ocrx_word' id='word_1_310' title='bbox 1728 3048 1783 3119; x_wconf 89' lang='grc'><strong><em>666,</em></strong></span> <span class='ocrx_word' id='word_1_311' title='bbox 1805 3044 1860 3107; x_wconf 84' lang='lat' dir='ltr'><strong><em>sod</em></strong></span> 
     </span>
     <span class='ocr_line' id='line_1_26' title="bbox 203 3141 1858 3227; baseline 0.003 -22"><span class='ocrx_word' id='word_1_312' title='bbox 203 3141 254 3205; x_wconf 86' lang='lat' dir='ltr'><strong><em>bic</em></strong></span> <span class='ocrx_word' id='word_1_313' title='bbox 288 3141 436 3207; x_wconf 78' lang='grc'><strong><em>65561266</em></strong></span> <span class='ocrx_word' id='word_1_314' title='bbox 471 3148 597 3209; x_wconf 82' lang='grc'><strong><em>66662262</em></strong></span> <span class='ocrx_word' id='word_1_315' title='bbox 631 3152 661 3210; x_wconf 86' lang='lat' dir='ltr'><strong><em>et</em></strong></span> <span class='ocrx_word' id='word_1_316' title='bbox 694 3147 922 3227; x_wconf 71' lang='lat' dir='ltr'><strong><em>episcopiorum,</em></strong></span> <span class='ocrx_word' id='word_1_317' title='bbox 958 3146 1068 3208; x_wconf 83' lang='grc'><strong><em>262166</em></strong></span> <span class='ocrx_word' id='word_1_318' title='bbox 1101 3145 1260 3208; x_wconf 81' lang='grc'><strong><em>6661626222</em></strong></span> <span class='ocrx_word' id='word_1_319' title='bbox 1295 3145 1518 3208; x_wconf 74' lang='lat' dir='ltr'><strong><em>monachorum</em></strong></span> <span class='ocrx_word' id='word_1_320' title='bbox 1553 3146 1707 3208; x_wconf 80' lang='grc'><strong><em>2661622662</em></strong></span> <span class='ocrx_word' id='word_1_321' title='bbox 1738 3145 1858 3210; x_wconf 83' lang='lat' dir='ltr'><strong><em>babuit.</em></strong></span> 
     </span>
     <span class='ocr_line' id='line_1_27' title="bbox 203 3244 1859 3328; baseline 0.001 -18"><span class='ocrx_word' id='word_1_322' title='bbox 203 3244 370 3310; x_wconf 69' lang='lat' dir='ltr'><strong><em>neeman</em></strong></span> <span class='ocrx_word' id='word_1_323' title='bbox 383 3266 505 3327; x_wconf 77' lang='lat' dir='ltr'><strong><em>quoqne</em></strong></span> <span class='ocrx_word' id='word_1_324' title='bbox 519 3248 556 3312; x_wconf 91' lang='lat' dir='ltr'><strong><em>in</em></strong></span> <span class='ocrx_word' id='word_1_325' title='bbox 569 3251 801 3314; x_wconf 70' lang='lat' dir='ltr'><strong><em>commentariis</em></strong></span> <span class='ocrx_word' id='word_1_326' title='bbox 821 3250 859 3314; x_wconf 88' lang='lat' dir='ltr'><strong><em>de</em></strong></span> <span class='ocrx_word' id='word_1_327' title='bbox 873 3251 966 3314; x_wconf 81' lang='grc'><strong><em>26566</em></strong></span> <span class='ocrx_word' id='word_1_328' title='bbox 981 3248 1142 3314; x_wconf 77' lang='lat' dir='ltr'><strong><em>Franciac</em></strong></span> <span class='ocrx_word' id='word_1_329' title='bbox 1164 3246 1337 3325; x_wconf 80' lang='grc'><strong><em>6216666616,</em></strong></span> <span class='ocrx_word' id='word_1_330' title='bbox 1356 3248 1528 3328; x_wconf 75' lang='lat' dir='ltr'><strong><em>pracm&#39;pmc</em></strong></span> <span class='ocrx_word' id='word_1_331' title='bbox 1544 3249 1585 3310; x_wconf 83' lang='lat' dir='ltr'><strong><em>in</em></strong></span> <span class='ocrx_word' id='word_1_332' title='bbox 1602 3247 1758 3312; x_wconf 76' lang='grc'><strong><em>6666222266</em></strong></span> <span class='ocrx_word' id='word_1_333' title='bbox 1777 3251 1859 3327; x_wconf 74' lang='lat' dir='ltr'><strong><em>Ha,</em></strong></span> 
     </span>
     <span class='ocr_line' id='line_1_28' title="bbox 203 3348 1861 3434; baseline 0.002 -22"><span class='ocrx_word' id='word_1_334' title='bbox 203 3349 305 3412; x_wconf 78' lang='lat' dir='ltr'><strong><em>nostri</em></strong></span> <span class='ocrx_word' id='word_1_335' title='bbox 333 3348 451 3413; x_wconf 74' lang='lat' dir='ltr'><strong><em>codicis</em></strong></span> <span class='ocrx_word' id='word_1_336' title='bbox 476 3353 662 3418; x_wconf 77' lang='grc'><strong><em>6666166662</em></strong></span> <span class='ocrx_word' id='word_1_337' title='bbox 691 3352 771 3434; x_wconf 79' lang='lat' dir='ltr'><strong><em>facit</em></strong></span> <span class='ocrx_word' id='word_1_338' title='bbox 801 3354 856 3417; x_wconf 88' lang='lat' dir='ltr'><strong><em>sed</em></strong></span> <span class='ocrx_word' id='word_1_339' title='bbox 882 3374 922 3418; x_wconf 81' lang='grc'><strong><em>66</em></strong></span> <span class='ocrx_word' id='word_1_340' title='bbox 949 3353 1091 3416; x_wconf 68' lang='lat' dir='ltr'><strong><em>temous</em></strong></span> <span class='ocrx_word' id='word_1_341' title='bbox 1118 3353 1188 3416; x_wconf 86' lang='lat' dir='ltr'><strong><em>eins</em></strong></span> <span class='ocrx_word' id='word_1_342' title='bbox 1214 3351 1299 3415; x_wconf 85' lang='lat' dir='ltr'><strong><em>notis</em></strong></span> <span class='ocrx_word' id='word_1_343' title='bbox 1317 3372 1440 3431; x_wconf 72' lang='lat' dir='ltr'><strong><em>proram</em></strong></span> <span class='ocrx_word' id='word_1_344' title='bbox 1466 3351 1664 3415; x_wconf 74' lang='lat' dir='ltr'><strong><em>concinnenti</em></strong></span> <span class='ocrx_word' id='word_1_345' title='bbox 1685 3354 1795 3415; x_wconf 82' lang='lat' dir='ltr'><strong><em>crescit</em></strong></span> <span class='ocrx_word' id='word_1_346' title='bbox 1816 3353 1861 3415; x_wconf 86' lang='lat' dir='ltr'><strong><em>od</em></strong></span> 
     </span>
     <span class='ocr_line' id='line_1_29' title="bbox 204 3453 1861 3537; baseline 0.002 -21"><span class='ocrx_word' id='word_1_347' title='bbox 204 3456 324 3516; x_wconf 65' lang='lat' dir='ltr'><strong><em>annm</em></strong></span> <span class='ocrx_word' id='word_1_348' title='bbox 344 3453 582 3521; x_wconf 71' lang='grc'><strong><em>6626662666.</em></strong></span> <span class='ocrx_word' id='word_1_349' title='bbox 626 3458 768 3521; x_wconf 79' lang='lat' dir='ltr'><strong><em>Maioris</em></strong></span> <span class='ocrx_word' id='word_1_350' title='bbox 789 3456 937 3521; x_wconf 80' lang='lat' dir='ltr'><strong><em>momenti</em></strong></span> <span class='ocrx_word' id='word_1_351' title='bbox 958 3462 1003 3520; x_wconf 90' lang='lat' dir='ltr'><strong><em>est</em></strong></span> <span class='ocrx_word' id='word_1_352' title='bbox 1025 3456 1110 3537; x_wconf 81' lang='lat' dir='ltr'><strong><em>qnod</em></strong></span> <span class='ocrx_word' id='word_1_353' title='bbox 1131 3455 1169 3519; x_wconf 92' lang='lat' dir='ltr'><strong><em>P.</em></strong></span> <span class='ocrx_word' id='word_1_354' title='bbox 1187 3454 1373 3518; x_wconf 80' lang='lat' dir='ltr'><strong><em>Mauricius</em></strong></span> <span class='ocrx_word' id='word_1_355' title='bbox 1388 3454 1596 3519; x_wconf 81' lang='lat' dir='ltr'><strong><em>Hebenbonm</em></strong></span> <span class='ocrx_word' id='word_1_356' title='bbox 1616 3475 1680 3518; x_wconf 83' lang='grc'><strong><em>6622</em></strong></span> <span class='ocrx_word' id='word_1_357' title='bbox 1699 3455 1755 3518; x_wconf 86' lang='lat' dir='ltr'><strong><em>der</em></strong></span> <span class='ocrx_word' id='word_1_358' title='bbox 1769 3455 1861 3519; x_wconf 80' lang='lat' dir='ltr'><strong><em>Mser</em></strong></span> 
     </span>
     <span class='ocr_line' id='line_1_30' title="bbox 205 3555 1929 3641; baseline 0.002 -22"><span class='ocrx_word' id='word_1_359' title='bbox 205 3555 377 3620; x_wconf 80' lang='grc'><strong><em>6262266666</em></strong></span> <span class='ocrx_word' id='word_1_360' title='bbox 397 3555 629 3641; x_wconf 70' lang='lat' dir='ltr'><strong><em>Riotanacensis</em></strong></span> <span class='ocrx_word' id='word_1_361' title='bbox 649 3561 752 3624; x_wconf 87' lang='lat' dir='ltr'><strong><em>codice</em></strong></span> <span class='ocrx_word' id='word_1_362' title='bbox 778 3581 858 3624; x_wconf 81' lang='grc'><strong><em>6666</em></strong></span> <span class='ocrx_word' id='word_1_363' title='bbox 884 3566 938 3624; x_wconf 90' lang='lat' dir='ltr'><strong><em>est.</em></strong></span> <span class='ocrx_word' id='word_1_364' title='bbox 994 3560 1028 3623; x_wconf 87' lang='lat' dir='ltr'><strong><em>Is</em></strong></span> <span class='ocrx_word' id='word_1_365' title='bbox 1056 3580 1121 3623; x_wconf 90' lang='lat' dir='ltr'><strong><em>non</em></strong></span> <span class='ocrx_word' id='word_1_366' title='bbox 1151 3563 1276 3622; x_wconf 83' lang='lat' dir='ltr'><strong><em>tantum</em></strong></span> <span class='ocrx_word' id='word_1_367' title='bbox 1299 3558 1547 3638; x_wconf 72' lang='lat' dir='ltr'><strong><em>Rinanpienaem</em></strong></span> <span class='ocrx_word' id='word_1_368' title='bbox 1568 3557 1744 3640; x_wconf 72' lang='lat' dir='ltr'><strong><em>camtopnm</em></strong></span> <span class='ocrx_word' id='word_1_369' title='bbox 1766 3578 1859 3621; x_wconf 81' lang='grc'><strong><em>6666</em></strong></span> <span class='ocrx_word' id='word_1_370' title='bbox 1924 3596 1929 3623; x_wconf 65' lang='grc' dir='ltr'><strong>ι</strong></span> 
     </span>
     <span class='ocr_line' id='line_1_31' title="bbox 205 3660 1859 3747; baseline 0.001 -24"><span class='ocrx_word' id='word_1_371' title='bbox 205 3660 311 3725; x_wconf 84' lang='lat' dir='ltr'><strong><em>ratius</em></strong></span> <span class='ocrx_word' id='word_1_372' title='bbox 338 3662 699 3745; x_wconf 60' lang='grc'><strong><em>62666661666661,</em></strong></span> <span class='ocrx_word' id='word_1_373' title='bbox 726 3666 785 3727; x_wconf 81' lang='grc'><strong><em>116</em></strong></span> <span class='ocrx_word' id='word_1_374' title='bbox 806 3667 901 3747; x_wconf 70' lang='lat' dir='ltr'><strong><em>sap),</em></strong></span> <span class='ocrx_word' id='word_1_375' title='bbox 929 3664 984 3727; x_wconf 88' lang='lat' dir='ltr'><strong><em>sed</em></strong></span> <span class='ocrx_word' id='word_1_376' title='bbox 1010 3663 1106 3727; x_wconf 87' lang='lat' dir='ltr'><strong><em>etiam</em></strong></span> <span class='ocrx_word' id='word_1_377' title='bbox 1133 3663 1371 3743; x_wconf 75' lang='lat' dir='ltr'><strong><em>desmcptimsem</em></strong></span> <span class='ocrx_word' id='word_1_378' title='bbox 1398 3662 1514 3726; x_wconf 78' lang='grc'><strong><em>6651666</em></strong></span> <span class='ocrx_word' id='word_1_379' title='bbox 1541 3660 1627 3725; x_wconf 80' lang='lat' dir='ltr'><strong><em>dedit</em></strong></span> <span class='ocrx_word' id='word_1_380' title='bbox 1652 3662 1688 3725; x_wconf 88' lang='lat' dir='ltr'><strong><em>in</em></strong></span> <span class='ocrx_word' id='word_1_381' title='bbox 1714 3660 1780 3724; x_wconf 91' lang='lat' dir='ltr'><strong><em>cod.</em></strong></span> <span class='ocrx_word' id='word_1_382' title='bbox 1802 3681 1859 3725; x_wconf 78' lang='grc'><strong><em>626.</em></strong></span> 
     </span>
     <span class='ocr_line' id='line_1_32' title="bbox 206 3762 1860 3846; baseline 0.001 -19"><span class='ocrx_word' id='word_1_383' title='bbox 206 3762 300 3846; x_wconf 76' lang='lat' dir='ltr'><strong><em>Sonp.</em></strong></span> <span class='ocrx_word' id='word_1_384' title='bbox 318 3763 474 3828; x_wconf 70' lang='lat' dir='ltr'><strong><em>ciconiarii</em></strong></span> <span class='ocrx_word' id='word_1_385' title='bbox 497 3763 597 3831; x_wconf 82' lang='lat' dir='ltr'><strong><em>Olass.</em></strong></span> <span class='ocrx_word' id='word_1_386' title='bbox 614 3768 641 3831; x_wconf 96' lang='grc' dir='ltr'><strong><em>Ι.</em></strong></span> <span class='ocrx_word' id='word_1_387' title='bbox 669 3766 744 3832; x_wconf 87' lang='lat' dir='ltr'><strong><em>Cist.</em></strong></span> <span class='ocrx_word' id='word_1_388' title='bbox 765 3766 834 3832; x_wconf 82' lang='grc'><strong><em>03.</em></strong></span> <span class='ocrx_word' id='word_1_389' title='bbox 852 3768 885 3831; x_wconf 88' lang='grc' dir='ltr'><strong><em>Β</em></strong></span> <span class='ocrx_word' id='word_1_390' title='bbox 900 3769 950 3831; x_wconf 91' lang='grc'><strong><em>55.</em></strong></span> <span class='ocrx_word' id='word_1_391' title='bbox 966 3767 1040 3831; x_wconf 82' lang='lat' dir='ltr'><strong><em>indo</em></strong></span> <span class='ocrx_word' id='word_1_392' title='bbox 1053 3788 1074 3830; x_wconf 92' lang='grc'><strong><em>6</em></strong></span> <span class='ocrx_word' id='word_1_393' title='bbox 1083 3788 1120 3846; x_wconf 86' lang='lat' dir='ltr'><strong><em>p.</em></strong></span> <span class='ocrx_word' id='word_1_394' title='bbox 1137 3767 1209 3828; x_wconf 85' lang='grc'><strong><em>543.</em></strong></span> <span class='ocrx_word' id='word_1_395' title='bbox 1253 3765 1342 3828; x_wconf 85' lang='lat' dir='ltr'><strong><em>Haec</em></strong></span> <span class='ocrx_word' id='word_1_396' title='bbox 1356 3765 1426 3828; x_wconf 88' lang='lat' dir='ltr'><strong><em>eins</em></strong></span> <span class='ocrx_word' id='word_1_397' title='bbox 1440 3765 1533 3828; x_wconf 84' lang='grc'><strong><em>66256</em></strong></span> <span class='ocrx_word' id='word_1_398' title='bbox 1547 3785 1612 3828; x_wconf 91' lang='lat' dir='ltr'><strong><em>non</em></strong></span> <span class='ocrx_word' id='word_1_399' title='bbox 1634 3765 1702 3828; x_wconf 86' lang='lat' dir='ltr'><strong><em>sinc</em></strong></span> <span class='ocrx_word' id='word_1_400' title='bbox 1717 3763 1860 3844; x_wconf 81' lang='lat' dir='ltr'><strong><em>pondere</em></strong></span> 
     </span>
     <span class='ocr_line' id='line_1_33' title="bbox 205 3866 1860 3957; baseline 0.001 -26"><span class='ocrx_word' id='word_1_401' title='bbox 205 3871 300 3931; x_wconf 81' lang='lat' dir='ltr'><strong><em>sant:</em></strong></span> <span class='ocrx_word' id='word_1_402' title='bbox 320 3886 357 3947; x_wconf 91' lang='lat' dir='ltr'><strong><em>p.</em></strong></span> <span class='ocrx_word' id='word_1_403' title='bbox 378 3866 450 3930; x_wconf 88' lang='grc'><strong><em>545.</em></strong></span> <span class='ocrx_word' id='word_1_404' title='bbox 497 3868 611 3949; x_wconf 72' lang='lat' dir='ltr'><strong><em>„uem</em></strong></span> <span class='ocrx_word' id='word_1_405' title='bbox 639 3872 736 3935; x_wconf 90' lang='lat' dir='ltr'><strong><em>tertio</em></strong></span> <span class='ocrx_word' id='word_1_406' title='bbox 767 3876 801 3936; x_wconf 92' lang='lat' dir='ltr'><strong><em>et</em></strong></span> <span class='ocrx_word' id='word_1_407' title='bbox 828 3876 923 3936; x_wconf 88' lang='lat' dir='ltr'><strong><em>sexto</em></strong></span> <span class='ocrx_word' id='word_1_408' title='bbox 951 3875 1075 3957; x_wconf 80' lang='lat' dir='ltr'><strong><em>prostat</em></strong></span> <span class='ocrx_word' id='word_1_409' title='bbox 1103 3875 1173 3932; x_wconf 89' lang='lat' dir='ltr'><strong><em>tota</em></strong></span> <span class='ocrx_word' id='word_1_410' title='bbox 1200 3869 1397 3953; x_wconf 85' lang='lat' dir='ltr'><strong><em>genealogia</em></strong></span> <span class='ocrx_word' id='word_1_411' title='bbox 1425 3866 1533 3931; x_wconf 82' lang='lat' dir='ltr'><strong><em>Caroli</em></strong></span> <span class='ocrx_word' id='word_1_412' title='bbox 1555 3866 1666 3950; x_wconf 83' lang='lat' dir='ltr'><strong><em>Magni</em></strong></span> <span class='ocrx_word' id='word_1_413' title='bbox 1695 3889 1715 3931; x_wconf 89' lang='lat' dir='ltr'><strong><em>a</em></strong></span> <span class='ocrx_word' id='word_1_414' title='bbox 1742 3867 1860 3954; x_wconf 89' lang='lat' dir='ltr'><strong><em>Pipino</em></strong></span> 
     </span>
     <span class='ocr_line' id='line_1_34' title="bbox 205 3969 1861 4055; baseline 0.001 -22"><span class='ocrx_word' id='word_1_415' title='bbox 205 3990 309 4055; x_wconf 89' lang='lat' dir='ltr'><strong><em>usque</em></strong></span> <span class='ocrx_word' id='word_1_416' title='bbox 333 3969 374 4034; x_wconf 79' lang='lat' dir='ltr'><strong><em>ad</em></strong></span> <span class='ocrx_word' id='word_1_417' title='bbox 398 3969 551 4036; x_wconf 83' lang='lat' dir='ltr'><strong><em>Carnium</em></strong></span> <span class='ocrx_word' id='word_1_418' title='bbox 576 3971 731 4037; x_wconf 77' lang='lat' dir='ltr'><strong><em>Crassum</em></strong></span> <span class='ocrx_word' id='word_1_419' title='bbox 754 3974 856 4038; x_wconf 89' lang='lat' dir='ltr'><strong><em>filium</em></strong></span> <span class='ocrx_word' id='word_1_420' title='bbox 880 3973 1038 4038; x_wconf 87' lang='lat' dir='ltr'><strong><em>Ludovici</em></strong></span> <span class='ocrx_word' id='word_1_421' title='bbox 1061 3971 1281 4037; x_wconf 79' lang='lat' dir='ltr'><strong><em>Germanici‘.</em></strong></span> <span class='ocrx_word' id='word_1_422' title='bbox 1307 4009 1348 4019; x_wconf 90' lang='lat'>—</span> <span class='ocrx_word' id='word_1_423' title='bbox 1372 3970 1485 4050; x_wconf 80' lang='lat' dir='ltr'><strong><em>„Polio</em></strong></span> <span class='ocrx_word' id='word_1_424' title='bbox 1517 3969 1661 4035; x_wconf 89' lang='lat' dir='ltr'><strong><em>secundo</em></strong></span> <span class='ocrx_word' id='word_1_425' title='bbox 1686 3980 1861 4036; x_wconf 88' lang='lat' dir='ltr'><strong><em>occurrunt</em></strong></span> 
     </span>
     <span class='ocr_line' id='line_1_35' title="bbox 206 4073 1859 4164; baseline 0.001 -26"><span class='ocrx_word' id='word_1_426' title='bbox 206 4073 352 4139; x_wconf 81' lang='lat' dir='ltr'><strong><em>Wolvini</em></strong></span> <span class='ocrx_word' id='word_1_427' title='bbox 375 4081 408 4140; x_wconf 90' lang='lat' dir='ltr'><strong><em>et</em></strong></span> <span class='ocrx_word' id='word_1_428' title='bbox 429 4073 608 4149; x_wconf 82' lang='lat' dir='ltr'><strong><em>Wolfhart,</em></strong></span> <span class='ocrx_word' id='word_1_429' title='bbox 633 4100 714 4164; x_wconf 90' lang='lat' dir='ltr'><strong><em>quos</em></strong></span> <span class='ocrx_word' id='word_1_430' title='bbox 738 4077 785 4142; x_wconf 93' lang='lat' dir='ltr'><strong><em>Io.</em></strong></span> <span class='ocrx_word' id='word_1_431' title='bbox 810 4078 921 4164; x_wconf 82' lang='lat' dir='ltr'><strong><em>Georg</em></strong></span> <span class='ocrx_word' id='word_1_432' title='bbox 944 4077 1067 4142; x_wconf 83' lang='lat' dir='ltr'><strong><em>Eekart</em></strong></span> <span class='ocrx_word' id='word_1_433' title='bbox 1090 4076 1206 4143; x_wconf 83' lang='lat' dir='ltr'><strong><em>Franc.</em></strong></span> <span class='ocrx_word' id='word_1_434' title='bbox 1231 4076 1356 4141; x_wconf 89' lang='lat' dir='ltr'><strong><em>Orient.</em></strong></span> <span class='ocrx_word' id='word_1_435' title='bbox 1373 4075 1466 4142; x_wconf 82' lang='lat' dir='ltr'><strong><em>Tem.</em></strong></span> <span class='ocrx_word' id='word_1_436' title='bbox 1482 4073 1525 4138; x_wconf 92' lang='lat' dir='ltr'><strong><em>II.</em></strong></span> <span class='ocrx_word' id='word_1_437' title='bbox 1550 4094 1614 4137; x_wconf 90' lang='lat' dir='ltr'><strong><em>non</em></strong></span> <span class='ocrx_word' id='word_1_438' title='bbox 1638 4074 1765 4138; x_wconf 93' lang='lat' dir='ltr'><strong><em>dubitat</em></strong></span> <span class='ocrx_word' id='word_1_439' title='bbox 1788 4095 1859 4140; x_wconf 87' lang='lat' dir='ltr'><strong><em>esse</em></strong></span> 
     </span>
     <span class='ocr_line' id='line_1_36' title="bbox 205 4177 1859 4268; baseline 0.001 -27"><span class='ocrx_word' id='word_1_440' title='bbox 205 4177 394 4244; x_wconf 81' lang='lat' dir='ltr'><strong><em>fundatores</em></strong></span> <span class='ocrx_word' id='word_1_441' title='bbox 427 4177 652 4267; x_wconf 86' lang='lat' dir='ltr'><strong><em>Rhenaugiae.</em></strong></span> <span class='ocrx_word' id='word_1_442' title='bbox 709 4181 876 4268; x_wconf 74' lang='lat' dir='ltr'><strong><em>Episcopi,</em></strong></span> <span class='ocrx_word' id='word_1_443' title='bbox 912 4181 1062 4246; x_wconf 87' lang='lat' dir='ltr'><strong><em>Abbates</em></strong></span> <span class='ocrx_word' id='word_1_444' title='bbox 1097 4187 1130 4245; x_wconf 91' lang='lat' dir='ltr'><strong><em>et</em></strong></span> <span class='ocrx_word' id='word_1_445' title='bbox 1164 4180 1316 4244; x_wconf 86' lang='lat' dir='ltr'><strong><em>Monachi</em></strong></span> <span class='ocrx_word' id='word_1_446' title='bbox 1352 4180 1545 4266; x_wconf 88' lang='lat' dir='ltr'><strong><em>plerumque</em></strong></span> <span class='ocrx_word' id='word_1_447' title='bbox 1580 4200 1647 4243; x_wconf 88' lang='lat' dir='ltr'><strong><em>una</em></strong></span> <span class='ocrx_word' id='word_1_448' title='bbox 1681 4180 1763 4242; x_wconf 87' lang='lat' dir='ltr'><strong><em>serie</em></strong></span> <span class='ocrx_word' id='word_1_449' title='bbox 1799 4179 1859 4243; x_wconf 88' lang='lat' dir='ltr'><strong><em>sub</em></strong></span> 
     </span>
    </p>
   </div>
   <div class='ocr_carea' id='block_1_3' title="bbox 97 4280 1860 4369">
    <p class='ocr_par' dir='ltr' id='par_1_4' title="bbox 97 4280 1860 4369">
     <span class='ocr_line' id='line_1_37' title="bbox 97 4280 1860 4369; baseline -0.001 -23"><span class='ocrx_word' id='word_1_450' title='bbox 97 4295 100 4299; x_wconf 88' lang='grc'><strong><em>’</em></strong></span> <span class='ocrx_word' id='word_1_451' title='bbox 206 4282 366 4347; x_wconf 89' lang='lat' dir='ltr'><strong><em>distinctis</em></strong></span> <span class='ocrx_word' id='word_1_452' title='bbox 389 4282 492 4348; x_wconf 90' lang='lat' dir='ltr'><strong><em>titulis</em></strong></span> <span class='ocrx_word' id='word_1_453' title='bbox 517 4284 734 4349; x_wconf 88' lang='lat' dir='ltr'><strong><em>eontinentur.</em></strong></span> <span class='ocrx_word' id='word_1_454' title='bbox 774 4283 927 4350; x_wconf 80' lang='lat' dir='ltr'><strong><em>Sicfolio</em></strong></span> <span class='ocrx_word' id='word_1_455' title='bbox 952 4280 1734 4369; x_wconf 58' lang='grc'><strong><em>286661111161663162666666216111</em></strong></span> <span class='ocrx_word' id='word_1_456' title='bbox 1757 4303 1860 4366; x_wconf 89' lang='lat' dir='ltr'><strong><em>usquc</em></strong></span> 
     </span>
    </p>
   </div>
   <div class='ocr_carea' id='block_1_4' title="bbox 206 4384 1863 5818">
    <p class='ocr_par' dir='ltr' id='par_1_5' title="bbox 206 4384 1863 5818">
     <span class='ocr_line' id='line_1_38' title="bbox 206 4384 1860 4473; baseline 0 -23"><span class='ocrx_word' id='word_1_457' title='bbox 206 4384 274 4450; x_wconf 88' lang='lat' dir='ltr'><strong><em>XII</em></strong></span> <span class='ocrx_word' id='word_1_458' title='bbox 297 4406 395 4452; x_wconf 89' lang='lat' dir='ltr'><strong><em>manu</em></strong></span> <span class='ocrx_word' id='word_1_459' title='bbox 418 4406 547 4473; x_wconf 90' lang='lat' dir='ltr'><strong><em>semper</em></strong></span> <span class='ocrx_word' id='word_1_460' title='bbox 570 4408 694 4452; x_wconf 85' lang='lat' dir='ltr'><strong><em>coaeva</em></strong></span> <span class='ocrx_word' id='word_1_461' title='bbox 717 4394 965 4461; x_wconf 86' lang='lat' dir='ltr'><strong><em>enumerantur;</em></strong></span> <span class='ocrx_word' id='word_1_462' title='bbox 988 4387 1075 4473; x_wconf 92' lang='lat' dir='ltr'><strong><em>quod</em></strong></span> <span class='ocrx_word' id='word_1_463' title='bbox 1098 4387 1211 4452; x_wconf 90' lang='lat' dir='ltr'><strong><em>folium</em></strong></span> <span class='ocrx_word' id='word_1_464' title='bbox 1234 4388 1303 4452; x_wconf 90' lang='lat' dir='ltr'><strong><em>aeri</em></strong></span> <span class='ocrx_word' id='word_1_465' title='bbox 1326 4387 1464 4450; x_wconf 89' lang='lat' dir='ltr'><strong><em>incisum</em></strong></span> <span class='ocrx_word' id='word_1_466' title='bbox 1490 4386 1633 4449; x_wconf 90' lang='lat' dir='ltr'><strong><em>sistimus</em></strong></span> <span class='ocrx_word' id='word_1_467' title='bbox 1654 4385 1860 4470; x_wconf 86' lang='lat' dir='ltr'><strong><em>praeclarum</em></strong></span> 
     </span>
     <span class='ocr_line' id='line_1_39' title="bbox 206 4488 1861 4575; baseline -0.001 -21"><span class='ocrx_word' id='word_1_468' title='bbox 206 4489 408 4575; x_wconf 82' lang='lat' dir='ltr'><strong><em>antiquitatis</em></strong></span> <span class='ocrx_word' id='word_1_469' title='bbox 431 4495 708 4557; x_wconf 85' lang='lat' dir='ltr'><strong><em>monumentum.“</em></strong></span> <span class='ocrx_word' id='word_1_470' title='bbox 746 4512 783 4572; x_wconf 83' lang='lat' dir='ltr'><strong><em>p.</em></strong></span> <span class='ocrx_word' id='word_1_471' title='bbox 800 4490 863 4554; x_wconf 89' lang='grc'><strong><em>546</em></strong></span> <span class='ocrx_word' id='word_1_472' title='bbox 879 4497 1051 4572; x_wconf 80' lang='lat' dir='ltr'><strong><em>postquam</em></strong></span> <span class='ocrx_word' id='word_1_473' title='bbox 1073 4491 1156 4554; x_wconf 81' lang='lat' dir='ltr'><strong><em>dicit</em></strong></span> <span class='ocrx_word' id='word_1_474' title='bbox 1178 4489 1279 4554; x_wconf 80' lang='grc'><strong><em>266166</em></strong></span> <span class='ocrx_word' id='word_1_475' title='bbox 1300 4489 1380 4570; x_wconf 79' lang='lat' dir='ltr'><strong><em>sot-ia</em></strong></span> <span class='ocrx_word' id='word_1_476' title='bbox 1397 4490 1463 4553; x_wconf 86' lang='lat' dir='ltr'><strong><em>iam</em></strong></span> <span class='ocrx_word' id='word_1_477' title='bbox 1478 4489 1641 4569; x_wconf 77' lang='lat' dir='ltr'><strong><em>deperdito</em></strong></span> <span class='ocrx_word' id='word_1_478' title='bbox 1655 4508 1729 4564; x_wconf 87' lang='grc'><strong><em>6666,</em></strong></span> <span class='ocrx_word' id='word_1_479' title='bbox 1752 4488 1861 4552; x_wconf 86' lang='lat' dir='ltr'><strong><em>addit:</em></strong></span> 
     </span>
     <span class='ocr_line' id='line_1_40' title="bbox 206 4592 1860 4679; baseline -0.001 -21"><span class='ocrx_word' id='word_1_480' title='bbox 206 4592 281 4675; x_wconf 82' lang='lat' dir='ltr'><strong><em>„Sic</em></strong></span> <span class='ocrx_word' id='word_1_481' title='bbox 303 4592 382 4659; x_wconf 85' lang='lat' dir='ltr'><strong><em>licet</em></strong></span> <span class='ocrx_word' id='word_1_482' title='bbox 404 4592 621 4658; x_wconf 82' lang='lat' dir='ltr'><strong><em>instrumenta</em></strong></span> <span class='ocrx_word' id='word_1_483' title='bbox 645 4593 939 4659; x_wconf 84' lang='lat' dir='ltr'><strong><em>confoederationis</em></strong></span> <span class='ocrx_word' id='word_1_484' title='bbox 963 4594 1127 4679; x_wconf 90' lang='lat' dir='ltr'><strong><em>supersint</em></strong></span> <span class='ocrx_word' id='word_1_485' title='bbox 1148 4594 1189 4659; x_wconf 88' lang='lat' dir='ltr'><strong><em>de</em></strong></span> <span class='ocrx_word' id='word_1_486' title='bbox 1205 4613 1291 4658; x_wconf 90' lang='lat' dir='ltr'><strong><em>anno</em></strong></span> <span class='ocrx_word' id='word_1_487' title='bbox 1309 4595 1371 4657; x_wconf 84' lang='lat'><strong><em>800</em></strong></span> <span class='ocrx_word' id='word_1_488' title='bbox 1389 4614 1462 4657; x_wconf 90' lang='lat' dir='ltr'><strong><em>cum</em></strong></span> <span class='ocrx_word' id='word_1_489' title='bbox 1478 4593 1639 4678; x_wconf 85' lang='lat' dir='ltr'><strong><em>Augiensi</em></strong></span> <span class='ocrx_word' id='word_1_490' title='bbox 1662 4593 1860 4657; x_wconf 89' lang='lat' dir='ltr'><strong><em>monasterio</em></strong></span> 
     </span>
     <span class='ocr_line' id='line_1_41' title="bbox 207 4694 1861 4782; baseline -0.001 -20"><span class='ocrx_word' id='word_1_491' title='bbox 207 4703 240 4762; x_wconf 91' lang='lat' dir='ltr'><strong><em>ct</em></strong></span> <span class='ocrx_word' id='word_1_492' title='bbox 268 4695 309 4762; x_wconf 89' lang='lat' dir='ltr'><strong><em>de</em></strong></span> <span class='ocrx_word' id='word_1_493' title='bbox 338 4717 424 4761; x_wconf 83' lang='lat' dir='ltr'><strong><em>anno</em></strong></span> <span class='ocrx_word' id='word_1_494' title='bbox 452 4699 514 4762; x_wconf 88' lang='grc'><strong><em>885</em></strong></span> <span class='ocrx_word' id='word_1_495' title='bbox 545 4720 618 4763; x_wconf 90' lang='lat' dir='ltr'><strong><em>eum</em></strong></span> <span class='ocrx_word' id='word_1_496' title='bbox 647 4698 855 4762; x_wconf 87' lang='lat' dir='ltr'><strong><em>Murbacensi</em></strong></span> <span class='ocrx_word' id='word_1_497' title='bbox 886 4704 919 4762; x_wconf 94' lang='lat' dir='ltr'><strong><em>et</em></strong></span> <span class='ocrx_word' id='word_1_498' title='bbox 944 4697 1193 4782; x_wconf 84' lang='lat' dir='ltr'><strong><em>Rhenaugiansi</em></strong></span> <span class='ocrx_word' id='word_1_499' title='bbox 1222 4697 1392 4782; x_wconf 85' lang='lat' dir='ltr'><strong><em>catalogus</em></strong></span> <span class='ocrx_word' id='word_1_500' title='bbox 1424 4703 1534 4761; x_wconf 88' lang='lat' dir='ltr'><strong><em>tamen</em></strong></span> <span class='ocrx_word' id='word_1_501' title='bbox 1565 4694 1798 4760; x_wconf 88' lang='lat' dir='ltr'><strong><em>monachorum</em></strong></span> <span class='ocrx_word' id='word_1_502' title='bbox 1827 4695 1861 4760; x_wconf 90' lang='lat' dir='ltr'><strong><em>iu</em></strong></span> 
     </span>
     <span class='ocr_line' id='line_1_42' title="bbox 206 4799 1860 4888; baseline 0.001 -24"><span class='ocrx_word' id='word_1_503' title='bbox 206 4800 289 4866; x_wconf 89' lang='lat' dir='ltr'><strong><em>libro</em></strong></span> <span class='ocrx_word' id='word_1_504' title='bbox 312 4800 384 4888; x_wconf 91' lang='lat' dir='ltr'><strong><em>ipso</em></strong></span> <span class='ocrx_word' id='word_1_505' title='bbox 408 4800 712 4887; x_wconf 86' lang='lat' dir='ltr'><strong><em>Rhenaugiensium</em></strong></span> <span class='ocrx_word' id='word_1_506' title='bbox 734 4800 896 4866; x_wconf 85' lang='lat' dir='ltr'><strong><em>duntaxat</em></strong></span> <span class='ocrx_word' id='word_1_507' title='bbox 917 4803 1090 4866; x_wconf 83' lang='lat' dir='ltr'><strong><em>vetustatis</em></strong></span> <span class='ocrx_word' id='word_1_508' title='bbox 1118 4802 1252 4885; x_wconf 86' lang='lat' dir='ltr'><strong><em>injurias</em></strong></span> <span class='ocrx_word' id='word_1_509' title='bbox 1283 4803 1403 4880; x_wconf 77' lang='lat' dir='ltr'><strong><em>evasit,</em></strong></span> <span class='ocrx_word' id='word_1_510' title='bbox 1433 4800 1648 4886; x_wconf 85' lang='lat' dir='ltr'><strong><em>Augiensium</em></strong></span> <span class='ocrx_word' id='word_1_511' title='bbox 1673 4804 1706 4863; x_wconf 91' lang='lat' dir='ltr'><strong><em>et</em></strong></span> <span class='ocrx_word' id='word_1_512' title='bbox 1727 4799 1860 4865; x_wconf 87' lang='lat' dir='ltr'><strong><em>Murba-</em></strong></span> 
     </span>
     <span class='ocr_line' id='line_1_43' title="bbox 208 4903 1861 4992; baseline -0.002 -23"><span class='ocrx_word' id='word_1_513' title='bbox 208 4906 353 4970; x_wconf 88' lang='lat' dir='ltr'><strong><em>censium</em></strong></span> <span class='ocrx_word' id='word_1_514' title='bbox 376 4904 579 4992; x_wconf 82' lang='lat' dir='ltr'><strong><em>deperdito.“</em></strong></span> <span class='ocrx_word' id='word_1_515' title='bbox 595 4943 637 4953; x_wconf 89' lang='lat'>—</span> <span class='ocrx_word' id='word_1_516' title='bbox 654 4904 813 4987; x_wconf 79' lang='lat' dir='ltr'><strong><em>„Constat</em></strong></span> <span class='ocrx_word' id='word_1_517' title='bbox 835 4913 945 4972; x_wconf 88' lang='lat' dir='ltr'><strong><em>autem</em></strong></span> <span class='ocrx_word' id='word_1_518' title='bbox 969 4928 1011 4972; x_wconf 85' lang='lat' dir='ltr'><strong><em>ex</em></strong></span> <span class='ocrx_word' id='word_1_519' title='bbox 1034 4913 1103 4971; x_wconf 91' lang='lat' dir='ltr'><strong><em>toto</em></strong></span> <span class='ocrx_word' id='word_1_520' title='bbox 1126 4907 1223 4992; x_wconf 87' lang='lat' dir='ltr'><strong><em>hujus</em></strong></span> <span class='ocrx_word' id='word_1_521' title='bbox 1247 4906 1321 4970; x_wconf 89' lang='lat' dir='ltr'><strong><em>libri</em></strong></span> <span class='ocrx_word' id='word_1_522' title='bbox 1338 4910 1494 4969; x_wconf 88' lang='lat' dir='ltr'><strong><em>contextu</em></strong></span> <span class='ocrx_word' id='word_1_523' title='bbox 1510 4924 1576 4967; x_wconf 92' lang='lat' dir='ltr'><strong><em>uon</em></strong></span> <span class='ocrx_word' id='word_1_524' title='bbox 1592 4903 1697 4967; x_wconf 90' lang='lat' dir='ltr'><strong><em>solum</em></strong></span> <span class='ocrx_word' id='word_1_525' title='bbox 1712 4903 1861 4969; x_wconf 85' lang='lat' dir='ltr'><strong><em>viventes</em></strong></span> 
     </span>
     <span class='ocr_line' id='line_1_44' title="bbox 208 5006 1859 5096; baseline 0.001 -26"><span class='ocrx_word' id='word_1_526' title='bbox 208 5007 238 5070; x_wconf 88' lang='lat' dir='ltr'><strong><em>ei</em></strong></span> <span class='ocrx_word' id='word_1_527' title='bbox 259 5008 435 5094; x_wconf 86' lang='lat' dir='ltr'><strong><em>inscriptos</em></strong></span> <span class='ocrx_word' id='word_1_528' title='bbox 457 5008 558 5074; x_wconf 86' lang='lat' dir='ltr'><strong><em>fuisse</em></strong></span> <span class='ocrx_word' id='word_1_529' title='bbox 574 5007 633 5073; x_wconf 88' lang='lat' dir='ltr'><strong><em>sed</em></strong></span> <span class='ocrx_word' id='word_1_530' title='bbox 649 5009 748 5073; x_wconf 89' lang='lat' dir='ltr'><strong><em>etiam</em></strong></span> <span class='ocrx_word' id='word_1_531' title='bbox 765 5008 935 5074; x_wconf 85' lang='lat' dir='ltr'><strong><em>defunctos</em></strong></span> <span class='ocrx_word' id='word_1_532' title='bbox 955 5010 1011 5096; x_wconf 91' lang='lat' dir='ltr'><strong><em>qui</em></strong></span> <span class='ocrx_word' id='word_1_533' title='bbox 1031 5011 1072 5075; x_wconf 90' lang='lat' dir='ltr'><strong><em>ad</em></strong></span> <span class='ocrx_word' id='word_1_534' title='bbox 1087 5011 1175 5075; x_wconf 91' lang='lat' dir='ltr'><strong><em>illius</em></strong></span> <span class='ocrx_word' id='word_1_535' title='bbox 1196 5007 1562 5074; x_wconf 82' lang='lat' dir='ltr'><strong><em>monasterii&#39;sillabum</em></strong></span> <span class='ocrx_word' id='word_1_536' title='bbox 1584 5006 1670 5091; x_wconf 92' lang='lat' dir='ltr'><strong><em>quod</em></strong></span> <span class='ocrx_word' id='word_1_537' title='bbox 1692 5006 1859 5072; x_wconf 88' lang='lat' dir='ltr'><strong><em>describe-</em></strong></span> 
     </span>
     <span class='ocr_line' id='line_1_45' title="bbox 208 5107 1860 5199; baseline -0.002 -23"><span class='ocrx_word' id='word_1_538' title='bbox 208 5111 303 5176; x_wconf 89' lang='lat' dir='ltr'><strong><em>batur</em></strong></span> <span class='ocrx_word' id='word_1_539' title='bbox 325 5111 544 5199; x_wconf 84' lang='lat' dir='ltr'><strong><em>pertinebant.</em></strong></span> <span class='ocrx_word' id='word_1_540' title='bbox 590 5111 644 5177; x_wconf 78' lang='lat' dir='ltr'><strong><em>sie</em></strong></span> <span class='ocrx_word' id='word_1_541' title='bbox 668 5113 862 5198; x_wconf 89' lang='lat' dir='ltr'><strong><em>praesertim</em></strong></span> <span class='ocrx_word' id='word_1_542' title='bbox 885 5113 970 5182; x_wconf 88' lang='lat' dir='ltr'><strong><em>foliis</em></strong></span> <span class='ocrx_word' id='word_1_543' title='bbox 997 5117 1045 5177; x_wconf 87' lang='grc'><strong><em>10.</em></strong></span> <span class='ocrx_word' id='word_1_544' title='bbox 1071 5117 1120 5178; x_wconf 81' lang='lat'><strong><em>22.</em></strong></span> <span class='ocrx_word' id='word_1_545' title='bbox 1145 5116 1196 5179; x_wconf 78' lang='lat'><strong><em>23.</em></strong></span> <span class='ocrx_word' id='word_1_546' title='bbox 1221 5116 1262 5177; x_wconf 76' lang='lat'><strong><em>24</em></strong></span> <span class='ocrx_word' id='word_1_547' title='bbox 1286 5114 1383 5177; x_wconf 82' lang='grc'><strong><em>6616</em></strong></span> <span class='ocrx_word' id='word_1_548' title='bbox 1407 5109 1493 5195; x_wconf 92' lang='lat' dir='ltr'><strong><em>quod</em></strong></span> <span class='ocrx_word' id='word_1_549' title='bbox 1516 5109 1635 5173; x_wconf 87' lang='lat' dir='ltr'><strong><em>fratres</em></strong></span> <span class='ocrx_word' id='word_1_550' title='bbox 1658 5109 1699 5172; x_wconf 91' lang='lat' dir='ltr'><strong><em>de</em></strong></span> <span class='ocrx_word' id='word_1_551' title='bbox 1715 5107 1860 5175; x_wconf 77' lang='grc'><strong><em>111612622-</em></strong></span> 
     </span>
     <span class='ocr_line' id='line_1_46' title="bbox 209 5209 1860 5301; baseline -0.005 -22"><span class='ocrx_word' id='word_1_552' title='bbox 209 5216 335 5301; x_wconf 81' lang='lat' dir='ltr'><strong><em>wangia</em></strong></span> <span class='ocrx_word' id='word_1_553' title='bbox 367 5223 534 5296; x_wconf 81' lang='lat' dir='ltr'><strong><em>recenset,</em></strong></span> <span class='ocrx_word' id='word_1_554' title='bbox 569 5236 728 5301; x_wconf 87' lang='lat' dir='ltr'><strong><em>expresse</em></strong></span> <span class='ocrx_word' id='word_1_555' title='bbox 762 5214 948 5279; x_wconf 86' lang='lat' dir='ltr'><strong><em>declaratur</em></strong></span> <span class='ocrx_word' id='word_1_556' title='bbox 980 5214 1179 5300; x_wconf 88' lang='lat' dir='ltr'><strong><em>praecedere</em></strong></span> <span class='ocrx_word' id='word_1_557' title='bbox 1210 5215 1301 5278; x_wconf 82' lang='lat' dir='ltr'><strong><em>vivos</em></strong></span> <span class='ocrx_word' id='word_1_558' title='bbox 1334 5219 1367 5278; x_wconf 87' lang='lat' dir='ltr'><strong><em>et</em></strong></span> <span class='ocrx_word' id='word_1_559' title='bbox 1397 5212 1569 5277; x_wconf 88' lang='lat' dir='ltr'><strong><em>defunctos</em></strong></span> <span class='ocrx_word' id='word_1_560' title='bbox 1600 5209 1788 5293; x_wconf 85' lang='lat' dir='ltr'><strong><em>subsequi.“</em></strong></span> <span class='ocrx_word' id='word_1_561' title='bbox 1820 5247 1860 5258; x_wconf 92' lang='lat'><em>-</em></span> 
     </span>
     <span class='ocr_line' id='line_1_47' title="bbox 210 5310 1861 5406; baseline -0.013 -7"><span class='ocrx_word' id='word_1_562' title='bbox 210 5317 408 5406; x_wconf 67' lang='grc'><strong><em>6066666226</em></strong></span> <span class='ocrx_word' id='word_1_563' title='bbox 438 5339 515 5384; x_wconf 83' lang='lat' dir='ltr'><strong><em>vero</em></strong></span> <span class='ocrx_word' id='word_1_564' title='bbox 545 5340 581 5385; x_wconf 84' lang='lat' dir='ltr'><strong><em>se</em></strong></span> <span class='ocrx_word' id='word_1_565' title='bbox 614 5317 793 5384; x_wconf 82' lang='lat' dir='ltr'><strong><em>extendant</em></strong></span> <span class='ocrx_word' id='word_1_566' title='bbox 823 5318 969 5381; x_wconf 82' lang='lat' dir='ltr'><strong><em>vivorum</em></strong></span> <span class='ocrx_word' id='word_1_567' title='bbox 999 5318 1129 5381; x_wconf 89' lang='lat' dir='ltr'><strong><em>uomina</em></strong></span> <span class='ocrx_word' id='word_1_568' title='bbox 1158 5324 1190 5382; x_wconf 89' lang='lat' dir='ltr'><strong><em>et</em></strong></span> <span class='ocrx_word' id='word_1_569' title='bbox 1220 5315 1462 5401; x_wconf 85' lang='lat' dir='ltr'><strong><em>subsequantur</em></strong></span> <span class='ocrx_word' id='word_1_570' title='bbox 1489 5313 1633 5378; x_wconf 86' lang='lat' dir='ltr'><strong><em>defuncti</em></strong></span> <span class='ocrx_word' id='word_1_571' title='bbox 1664 5310 1791 5377; x_wconf 89' lang='lat' dir='ltr'><strong><em>definiri</em></strong></span> <span class='ocrx_word' id='word_1_572' title='bbox 1819 5313 1861 5378; x_wconf 88' lang='lat' dir='ltr'><strong><em>ad</em></strong></span> 
     </span>
     <span class='ocr_line' id='line_1_48' title="bbox 209 5415 1862 5509; baseline -0.004 -22"><span class='ocrx_word' id='word_1_573' title='bbox 209 5444 306 5487; x_wconf 89' lang='lat' dir='ltr'><strong><em>unum</em></strong></span> <span class='ocrx_word' id='word_1_574' title='bbox 328 5444 394 5488; x_wconf 92' lang='lat' dir='ltr'><strong><em>nou</em></strong></span> <span class='ocrx_word' id='word_1_575' title='bbox 418 5428 558 5509; x_wconf 85' lang='lat' dir='ltr'><strong><em>potest.“</em></strong></span> <span class='ocrx_word' id='word_1_576' title='bbox 609 5422 698 5490; x_wconf 87' lang='lat' dir='ltr'><strong><em>Unde</em></strong></span> <span class='ocrx_word' id='word_1_577' title='bbox 719 5421 817 5486; x_wconf 81' lang='grc'><strong><em>666666</em></strong></span> <span class='ocrx_word' id='word_1_578' title='bbox 838 5419 1010 5486; x_wconf 82' lang='grc'><strong><em>66666066</em></strong></span> <span class='ocrx_word' id='word_1_579' title='bbox 1029 5422 1171 5502; x_wconf 77' lang='lat' dir='ltr'><strong><em>popinas</em></strong></span> <span class='ocrx_word' id='word_1_580' title='bbox 1198 5421 1313 5502; x_wconf 76' lang='grc'><strong><em>661666</em></strong></span> <span class='ocrx_word' id='word_1_581' title='bbox 1338 5418 1525 5483; x_wconf 83' lang='lat' dir='ltr'><strong><em>Goldastins</em></strong></span> <span class='ocrx_word' id='word_1_582' title='bbox 1551 5416 1656 5479; x_wconf 82' lang='lat' dir='ltr'><strong><em>adbnc</em></strong></span> <span class='ocrx_word' id='word_1_583' title='bbox 1682 5415 1732 5479; x_wconf 87' lang='lat' dir='ltr'><strong><em>nti</em></strong></span> <span class='ocrx_word' id='word_1_584' title='bbox 1753 5418 1862 5496; x_wconf 84' lang='lat' dir='ltr'><strong><em>potnit</em></strong></span> 
     </span>
     <span class='ocr_line' id='line_1_49' title="bbox 211 5520 1863 5608; baseline -0.005 -18"><span class='ocrx_word' id='word_1_585' title='bbox 211 5525 442 5592; x_wconf 79' lang='lat' dir='ltr'><strong><em>Hobenbonnnii</em></strong></span> <span class='ocrx_word' id='word_1_586' title='bbox 463 5531 596 5608; x_wconf 86' lang='lat' dir='ltr'><strong><em>tempore</em></strong></span> <span class='ocrx_word' id='word_1_587' title='bbox 618 5527 684 5591; x_wconf 88' lang='lat' dir='ltr'><strong><em>iam</em></strong></span> <span class='ocrx_word' id='word_1_588' title='bbox 706 5526 869 5606; x_wconf 70' lang='lat' dir='ltr'><strong><em>(deperdita</em></strong></span> <span class='ocrx_word' id='word_1_589' title='bbox 890 5524 999 5605; x_wconf 77' lang='lat' dir='ltr'><strong><em>fnisse.</em></strong></span> <span class='ocrx_word' id='word_1_590' title='bbox 1037 5524 1144 5589; x_wconf 81' lang='lat' dir='ltr'><strong><em>Multo</em></strong></span> <span class='ocrx_word' id='word_1_591' title='bbox 1166 5524 1316 5588; x_wconf 85' lang='lat' dir='ltr'><strong><em>nmiorem</em></strong></span> <span class='ocrx_word' id='word_1_592' title='bbox 1337 5542 1463 5603; x_wconf 67' lang='lat' dir='ltr'><strong><em>macram</em></strong></span> <span class='ocrx_word' id='word_1_593' title='bbox 1485 5520 1585 5585; x_wconf 89' lang='lat' dir='ltr'><strong><em>codici</em></strong></span> <span class='ocrx_word' id='word_1_594' title='bbox 1606 5523 1710 5582; x_wconf 85' lang='lat' dir='ltr'><strong><em>nostro</em></strong></span> <span class='ocrx_word' id='word_1_595' title='bbox 1733 5520 1863 5582; x_wconf 81' lang='grc'><strong><em>6666616</em></strong></span> 
     </span>
     <span class='ocr_line' id='line_1_50' title="bbox 211 5620 1860 5712; baseline -0.005 -19"><span class='ocrx_word' id='word_1_596' title='bbox 211 5628 563 5712; x_wconf 65' lang='grc'><strong><em>2116666666,</em></strong></span> <span class='ocrx_word' id='word_1_597' title='bbox 585 5627 920 5694; x_wconf 78' lang='grc'><strong><em>6266866516616666</em></strong></span> <span class='ocrx_word' id='word_1_598' title='bbox 933 5628 1075 5709; x_wconf 73' lang='lat' dir='ltr'><strong><em>quietim</em></strong></span> <span class='ocrx_word' id='word_1_599' title='bbox 1095 5627 1135 5691; x_wconf 89' lang='lat' dir='ltr'><strong><em>ab</em></strong></span> <span class='ocrx_word' id='word_1_600' title='bbox 1150 5626 1243 5690; x_wconf 84' lang='lat' dir='ltr'><strong><em>init-io</em></strong></span> <span class='ocrx_word' id='word_1_601' title='bbox 1265 5647 1364 5706; x_wconf 84' lang='lat' dir='ltr'><strong><em>nsqne</em></strong></span> <span class='ocrx_word' id='word_1_602' title='bbox 1386 5624 1430 5687; x_wconf 90' lang='lat' dir='ltr'><strong><em>ad</em></strong></span> <span class='ocrx_word' id='word_1_603' title='bbox 1450 5625 1545 5703; x_wconf 76' lang='lat' dir='ltr'><strong><em>finem</em></strong></span> <span class='ocrx_word' id='word_1_604' title='bbox 1567 5641 1630 5685; x_wconf 92' lang='lat' dir='ltr'><strong><em>non</em></strong></span> <span class='ocrx_word' id='word_1_605' title='bbox 1651 5620 1733 5684; x_wconf 81' lang='grc'><strong><em>62666</em></strong></span> <span class='ocrx_word' id='word_1_606' title='bbox 1755 5626 1860 5684; x_wconf 85' lang='lat' dir='ltr'><strong><em>trans·</em></strong></span> 
     </span>
     <span class='ocr_line' id='line_1_51' title="bbox 211 5724 1860 5818; baseline -0.005 -24"><span class='ocrx_word' id='word_1_607' title='bbox 211 5732 341 5817; x_wconf 78' lang='lat' dir='ltr'><strong><em>sempsit.</em></strong></span> <span class='ocrx_word' id='word_1_608' title='bbox 384 5731 469 5799; x_wconf 76' lang='lat' dir='ltr'><strong><em>Eius</em></strong></span> <span class='ocrx_word' id='word_1_609' title='bbox 482 5733 685 5818; x_wconf 74' lang='lat' dir='ltr'><strong><em>apoprapbon</em></strong></span> <span class='ocrx_word' id='word_1_610' title='bbox 707 5753 776 5798; x_wconf 88' lang='lat' dir='ltr'><strong><em>nna</em></strong></span> <span class='ocrx_word' id='word_1_611' title='bbox 801 5753 872 5798; x_wconf 88' lang='lat' dir='ltr'><strong><em>cnm</em></strong></span> <span class='ocrx_word' id='word_1_612' title='bbox 893 5730 1071 5813; x_wconf 72' lang='lat' dir='ltr'><strong><em>apoprapbo</em></strong></span> <span class='ocrx_word' id='word_1_613' title='bbox 1094 5730 1210 5793; x_wconf 84' lang='lat' dir='ltr'><strong><em>codicis</em></strong></span> <span class='ocrx_word' id='word_1_614' title='bbox 1223 5727 1395 5809; x_wconf 73' lang='lat' dir='ltr'><strong><em>Appianis</em></strong></span> <span class='ocrx_word' id='word_1_615' title='bbox 1417 5747 1503 5790; x_wconf 86' lang='grc'><strong><em>66226</em></strong></span> <span class='ocrx_word' id='word_1_616' title='bbox 1529 5724 1737 5790; x_wconf 72' lang='grc'><strong><em>6626666166</em></strong></span> <span class='ocrx_word' id='word_1_617' title='bbox 1759 5744 1860 5787; x_wconf 83' lang='grc'><strong><em>6666·-</em></strong></span> 
     </span>
    </p>
   </div>
   <div class='ocr_carea' id='block_1_5' title="bbox 0 0 2271 6532">
    <p class='ocr_par' dir='ltr' id='par_1_6' title="bbox 0 0 2271 6532">
     <span class='ocr_line' id='line_1_52' title="bbox 0 0 2271 6532; baseline 0 0"><span class='ocrx_word' id='word_1_618' title='bbox 0 0 2271 6532; x_wconf 95' lang='lat' dir='ltr'><strong><em> </em></strong></span> 
     </span>
    </p>
   </div>
  </div>
 </body>
</html>
