<?xml version="1.0" encoding="UTF-8"?>
<!DOCTYPE html PUBLIC "-//W3C//DTD XHTML 1.0 Transitional//EN"
    "http://www.w3.org/TR/xhtml1/DTD/xhtml1-transitional.dtd">
<html xmlns="http://www.w3.org/1999/xhtml" xml:lang="en" lang="en">
 <head>
  <title>
</title>
<meta http-equiv="Content-Type" content="text/html;charset=utf-8" />
  <meta name='ocr-system' content='tesseract 3.04.00' />
  <meta name='ocr-capabilities' content='ocr_page ocr_carea ocr_par ocr_line ocrx_word'/>
</head>
<body>
  <div class='ocr_page' id='page_1' title='image "./monumentagerman05mittgoog_0162.png"; bbox 0 0 4508 6532; ppageno 0'>
   <div class='ocr_carea' id='block_1_1' title="bbox 483 441 2001 511">
    <p class='ocr_par' dir='ltr' id='par_1_1' title="bbox 483 441 2001 511">
     <span class='ocr_line' id='line_1_1' title="bbox 483 441 2001 511; baseline 0.01 -16"><span class='ocrx_word' id='word_1_1' title='bbox 483 441 516 495; x_wconf 84' lang='lat' dir='ltr'>A.</span> <span class='ocrx_word' id='word_1_2' title='bbox 535 441 925 498; x_wconf 79' lang='lat' dir='ltr'><strong>CONFRATERNI&#39;I&#39;ATUM</strong></span> <span class='ocrx_word' id='word_1_3' title='bbox 946 443 1121 499; x_wconf 73' lang='lat' dir='ltr'>TABULAF.</span> <span class='ocrx_word' id='word_1_4' title='bbox 1142 475 1173 484; x_wconf 95' lang='lat'><em>—</em></span> <span class='ocrx_word' id='word_1_5' title='bbox 1192 445 1222 499; x_wconf 88' lang='grc' dir='ltr'>Β.</span> <span class='ocrx_word' id='word_1_6' title='bbox 1241 444 1441 498; x_wconf 73' lang='lat' dir='ltr'><strong>FORMULAE</strong></span> <span class='ocrx_word' id='word_1_7' title='bbox 1458 444 1595 500; x_wconf 82' lang='lat' dir='ltr'><strong>ROI&#39;ULI</strong></span> <span class='ocrx_word' id='word_1_8' title='bbox 1615 450 1665 499; x_wconf 84' lang='lat' dir='ltr'>etc.</span> <span class='ocrx_word' id='word_1_9' title='bbox 1942 450 2001 511; x_wconf 76' lang='lat'>143</span> 
     </span>
    </p>
   </div>
   <div class='ocr_carea' id='block_1_2' title="bbox 135 630 2000 821">
    <p class='ocr_par' dir='ltr' id='par_1_2' title="bbox 135 630 2000 821">
     <span class='ocr_line' id='line_1_2' title="bbox 136 630 2000 722; baseline 0.004 -29"><span class='ocrx_word' id='word_1_10' title='bbox 136 636 173 693; x_wconf 88' lang='lat' dir='ltr'>et</span> <span class='ocrx_word' id='word_1_11' title='bbox 195 630 224 693; x_wconf 90' lang='lat' dir='ltr'>si</span> <span class='ocrx_word' id='word_1_12' title='bbox 249 630 419 719; x_wconf 88' lang='lat' dir='ltr'>delapsu,</span> <span class='ocrx_word' id='word_1_13' title='bbox 443 653 506 718; x_wconf 94' lang='lat' dir='ltr'>quo</span> <span class='ocrx_word' id='word_1_14' title='bbox 523 639 689 716; x_wconf 84' lang='lat' dir='ltr'>correptus</span> <span class='ocrx_word' id='word_1_15' title='bbox 712 632 828 714; x_wconf 89' lang='lat' dir='ltr'>fuerat,</span> <span class='ocrx_word' id='word_1_16' title='bbox 853 633 1113 698; x_wconf 82' lang='lat' dir='ltr'>emendationem</span> <span class='ocrx_word' id='word_1_17' title='bbox 1137 633 1324 719; x_wconf 81' lang='lat' dir='ltr'><strong>promiserit</strong></span> <span class='ocrx_word' id='word_1_18' title='bbox 1348 640 1381 697; x_wconf 89' lang='lat' dir='ltr'>ct</span> <span class='ocrx_word' id='word_1_19' title='bbox 1404 633 1529 712; x_wconf 88' lang='lat' dir='ltr'>feeerit,</span> <span class='ocrx_word' id='word_1_20' title='bbox 1553 656 1612 718; x_wconf 89' lang='lat' dir='ltr'>per</span> <span class='ocrx_word' id='word_1_21' title='bbox 1635 637 1737 722; x_wconf 87' lang='lat' dir='ltr'>ipsius</span> <span class='ocrx_word' id='word_1_22' title='bbox 1761 637 1825 701; x_wconf 92' lang='lat' dir='ltr'>leci</span> <span class='ocrx_word' id='word_1_23' title='bbox 1845 635 2000 700; x_wconf 82' lang='lat' dir='ltr'>abbatem</span> 
     </span>
     <span class='ocr_line' id='line_1_3' title="bbox 135 735 1363 821; baseline 0.002 -24"><span class='ocrx_word' id='word_1_24' title='bbox 135 739 196 798; x_wconf 88' lang='lat' dir='ltr'>aut</span> <span class='ocrx_word' id='word_1_25' title='bbox 220 735 367 800; x_wconf 84' lang='lat' dir='ltr'>seniores</span> <span class='ocrx_word' id='word_1_26' title='bbox 390 757 448 821; x_wconf 92' lang='lat' dir='ltr'>pro</span> <span class='ocrx_word' id='word_1_27' title='bbox 473 757 512 799; x_wconf 90' lang='lat' dir='ltr'>eo</span> <span class='ocrx_word' id='word_1_28' title='bbox 536 735 778 800; x_wconf 81' lang='lat' dir='ltr'>intercedentes</span> <span class='ocrx_word' id='word_1_29' title='bbox 803 737 873 800; x_wconf 91' lang='lat' dir='ltr'>leco</span> <span class='ocrx_word' id='word_1_30' title='bbox 897 758 956 799; x_wconf 93' lang='lat' dir='ltr'>suo</span> <span class='ocrx_word' id='word_1_31' title='bbox 980 744 1013 801; x_wconf 90' lang='lat' dir='ltr'>et</span> <span class='ocrx_word' id='word_1_32' title='bbox 1035 736 1139 800; x_wconf 91' lang='lat' dir='ltr'>ordini</span> <span class='ocrx_word' id='word_1_33' title='bbox 1163 738 1363 801; x_wconf 88' lang='lat' dir='ltr'>restituatur.</span> 
     </span>
    </p>
   </div>
   <div class='ocr_carea' id='block_1_3' title="bbox 252 847 1999 945">
    <p class='ocr_par' dir='ltr' id='par_1_3' title="bbox 252 847 1999 945">
     <span class='ocr_line' id='line_1_4' title="bbox 252 847 1999 945; baseline 0.003 -27"><span class='ocrx_word' id='word_1_34' title='bbox 252 855 333 940; x_wconf 73' lang='lat'>(16.)</span> <span class='ocrx_word' id='word_1_35' title='bbox 371 847 553 937; x_wconf 84' lang='lat' dir='ltr'>Obnradus,</span> <span class='ocrx_word' id='word_1_36' title='bbox 576 856 628 920; x_wconf 91' lang='lat' dir='ltr'>dei</span> <span class='ocrx_word' id='word_1_37' title='bbox 644 856 751 940; x_wconf 85' lang='lat' dir='ltr'>gratia</span> <span class='ocrx_word' id='word_1_38' title='bbox 765 855 955 920; x_wconf 84' lang='lat' dir='ltr'>Sabinensis</span> <span class='ocrx_word' id='word_1_39' title='bbox 972 858 1155 942; x_wconf 87' lang='lat' dir='ltr'>episcopus,</span> <span class='ocrx_word' id='word_1_40' title='bbox 1172 857 1365 943; x_wconf 82' lang='lat' dir='ltr'>Magantiue</span> <span class='ocrx_word' id='word_1_41' title='bbox 1382 857 1470 922; x_wconf 87' lang='lat' dir='ltr'>sedis</span> <span class='ocrx_word' id='word_1_42' title='bbox 1488 857 1752 944; x_wconf 80' lang='lat' dir='ltr'>archiepiscopus</span> <span class='ocrx_word' id='word_1_43' title='bbox 1771 866 1804 923; x_wconf 90' lang='lat' dir='ltr'>et</span> <span class='ocrx_word' id='word_1_44' title='bbox 1820 861 1999 945; x_wconf 91' lang='lat' dir='ltr'>apostolice</span> 
     </span>
    </p>
   </div>
   <div class='ocr_carea' id='block_1_4' title="bbox 137 953 2000 2210">
    <p class='ocr_par' dir='ltr' id='par_1_4' title="bbox 137 953 2000 2210">
     <span class='ocr_line' id='line_1_5' title="bbox 137 953 1999 1070; baseline 0.003 -22"><span class='ocrx_word' id='word_1_45' title='bbox 137 983 230 1048; x_wconf 87' lang='lat' dir='ltr'>sedis</span> <span class='ocrx_word' id='word_1_46' title='bbox 254 984 390 1070; x_wconf 85' lang='lat' dir='ltr'>legatus,</span> <span class='ocrx_word' id='word_1_47' title='bbox 414 1006 489 1050; x_wconf 92' lang='lat' dir='ltr'>cum</span> <span class='ocrx_word' id='word_1_48' title='bbox 512 985 665 1050; x_wconf 90' lang='lat' dir='ltr'>universo</span> <span class='ocrx_word' id='word_1_49' title='bbox 689 984 836 1049; x_wconf 88' lang='lat' dir='ltr'>eiusdem</span> <span class='ocrx_word' id='word_1_50' title='bbox 859 986 921 1049; x_wconf 89' lang='lat' dir='ltr'>leci</span> <span class='ocrx_word' id='word_1_51' title='bbox 946 993 1107 1050; x_wconf 89' lang='lat' dir='ltr'>conventu</span> <span class='ocrx_word' id='word_1_52' title='bbox 1124 986 1252 1051; x_wconf 90' lang='lat' dir='ltr'>dilectis</span> <span class='ocrx_word' id='word_1_53' title='bbox 1274 988 1342 1051; x_wconf 86' lang='lat' dir='ltr'>suis</span> <span class='ocrx_word' id='word_1_54' title='bbox 1366 986 1519 1050; x_wconf 87' lang='lat' dir='ltr'>fratribus</span> <span class='ocrx_word' id='word_1_55' title='bbox 1537 953 1690 1051; x_wconf 71' lang='lat' dir='ltr'>(ldalrieo</span> <span class='ocrx_word' id='word_1_56' title='bbox 1707 987 1816 1051; x_wconf 92' lang='lat' dir='ltr'>divina</span> <span class='ocrx_word' id='word_1_57' title='bbox 1831 988 1999 1054; x_wconf 87' lang='lat' dir='ltr'>ordinante</span> 
     </span>
     <span class='ocr_line' id='line_1_6' title="bbox 137 1088 1999 1175; baseline 0.002 -23"><span class='ocrx_word' id='word_1_58' title='bbox 137 1089 318 1153; x_wconf 86' lang='lat' dir='ltr'>elementia</span> <span class='ocrx_word' id='word_1_59' title='bbox 341 1089 469 1154; x_wconf 91' lang='lat' dir='ltr'>cenobii</span> <span class='ocrx_word' id='word_1_60' title='bbox 500 1090 603 1153; x_wconf 84' lang='lat' dir='ltr'>sancti</span> <span class='ocrx_word' id='word_1_61' title='bbox 628 1089 714 1153; x_wconf 83' lang='lat' dir='ltr'>Galli</span> <span class='ocrx_word' id='word_1_62' title='bbox 738 1088 925 1154; x_wconf 91' lang='lat' dir='ltr'>venerande</span> <span class='ocrx_word' id='word_1_63' title='bbox 954 1090 1066 1154; x_wconf 86' lang='lat' dir='ltr'>abbati</span> <span class='ocrx_word' id='word_1_64' title='bbox 1097 1091 1367 1175; x_wconf 88' lang='lat' dir='ltr'>sanctissimoque</span> <span class='ocrx_word' id='word_1_65' title='bbox 1397 1090 1458 1153; x_wconf 90' lang='lat' dir='ltr'>sibi</span> <span class='ocrx_word' id='word_1_66' title='bbox 1488 1090 1633 1154; x_wconf 89' lang='lat' dir='ltr'>subiecta</span> <span class='ocrx_word' id='word_1_67' title='bbox 1663 1092 1837 1154; x_wconf 89' lang='lat' dir='ltr'>conventui</span> <span class='ocrx_word' id='word_1_68' title='bbox 1860 1092 1999 1157; x_wconf 88' lang='lat' dir='ltr'>salutem</span> 
     </span>
     <span class='ocr_line' id='line_1_7' title="bbox 139 1193 1999 1280; baseline 0.004 -26"><span class='ocrx_word' id='word_1_69' title='bbox 139 1212 215 1255; x_wconf 89' lang='lat' dir='ltr'>eum</span> <span class='ocrx_word' id='word_1_70' title='bbox 238 1193 381 1257; x_wconf 87' lang='lat' dir='ltr'>fraterne</span> <span class='ocrx_word' id='word_1_71' title='bbox 405 1193 589 1258; x_wconf 90' lang='lat' dir='ltr'>dilectionis</span> <span class='ocrx_word' id='word_1_72' title='bbox 614 1193 743 1256; x_wconf 83' lang='lat' dir='ltr'>affectu.</span> <span class='ocrx_word' id='word_1_73' title='bbox 789 1193 963 1258; x_wconf 89' lang='lat' dir='ltr'>Relatione</span> <span class='ocrx_word' id='word_1_74' title='bbox 986 1194 1287 1279; x_wconf 88' lang='lat' dir='ltr'>antiquissimorum</span> <span class='ocrx_word' id='word_1_75' title='bbox 1317 1195 1452 1257; x_wconf 84' lang='lat' dir='ltr'>fratrum</span> <span class='ocrx_word' id='word_1_76' title='bbox 1476 1201 1660 1257; x_wconf 90' lang='lat' dir='ltr'>nostrorum</span> <span class='ocrx_word' id='word_1_77' title='bbox 1684 1195 1891 1280; x_wconf 87' lang='lat' dir='ltr'>percepimus</span> <span class='ocrx_word' id='word_1_78' title='bbox 1915 1196 1999 1261; x_wconf 91' lang='lat' dir='ltr'>hanc</span> 
     </span>
     <span class='ocr_line' id='line_1_8' title="bbox 140 1296 2000 1387; baseline 0.002 -27"><span class='ocrx_word' id='word_1_79' title='bbox 140 1296 411 1360; x_wconf 89' lang='lat' dir='ltr'>consuetudinem</span> <span class='ocrx_word' id='word_1_80' title='bbox 436 1298 522 1387; x_wconf 91' lang='lat' dir='ltr'>inter</span> <span class='ocrx_word' id='word_1_81' title='bbox 545 1297 662 1361; x_wconf 88' lang='lat' dir='ltr'>fratres</span> <span class='ocrx_word' id='word_1_82' title='bbox 687 1297 877 1382; x_wconf 79' lang='lat' dir='ltr'>Magantine</span> <span class='ocrx_word' id='word_1_83' title='bbox 901 1299 1039 1378; x_wconf 77' lang='lat' dir='ltr'>ecclesie</span> <span class='ocrx_word' id='word_1_84' title='bbox 1063 1321 1101 1362; x_wconf 89' lang='lat' dir='ltr'>ac</span> <span class='ocrx_word' id='word_1_85' title='bbox 1125 1300 1209 1362; x_wconf 90' lang='lat' dir='ltr'>inter</span> <span class='ocrx_word' id='word_1_86' title='bbox 1233 1297 1401 1362; x_wconf 89' lang='lat' dir='ltr'>cenobitas</span> <span class='ocrx_word' id='word_1_87' title='bbox 1425 1298 1528 1361; x_wconf 89' lang='lat' dir='ltr'>sancti</span> <span class='ocrx_word' id='word_1_88' title='bbox 1546 1296 1632 1361; x_wconf 81' lang='lat' dir='ltr'>Galli</span> <span class='ocrx_word' id='word_1_89' title='bbox 1657 1297 1814 1361; x_wconf 90' lang='lat' dir='ltr'>haetenus</span> <span class='ocrx_word' id='word_1_90' title='bbox 1838 1299 2000 1379; x_wconf 84' lang='lat' dir='ltr'>extitisse,</span> 
     </span>
     <span class='ocr_line' id='line_1_9' title="bbox 141 1398 2000 1488; baseline 0.001 -25"><span class='ocrx_word' id='word_1_91' title='bbox 141 1406 305 1485; x_wconf 90' lang='lat' dir='ltr'>quatenus</span> <span class='ocrx_word' id='word_1_92' title='bbox 336 1407 496 1487; x_wconf 90' lang='lat' dir='ltr'>perpetue</span> <span class='ocrx_word' id='word_1_93' title='bbox 526 1401 738 1464; x_wconf 80' lang='lat' dir='ltr'>fraternitatis</span> <span class='ocrx_word' id='word_1_94' title='bbox 763 1398 805 1488; x_wconf 83' lang='lat' dir='ltr'>[p.</span> <span class='ocrx_word' id='word_1_95' title='bbox 824 1399 894 1487; x_wconf 68' lang='lat'>16²]</span> <span class='ocrx_word' id='word_1_96' title='bbox 920 1403 1048 1465; x_wconf 90' lang='lat' dir='ltr'>vinculo</span> <span class='ocrx_word' id='word_1_97' title='bbox 1080 1402 1243 1465; x_wconf 87' lang='lat' dir='ltr'>coniuncti</span> <span class='ocrx_word' id='word_1_98' title='bbox 1274 1400 1490 1478; x_wconf 90' lang='lat' dir='ltr'>orationibus,</span> <span class='ocrx_word' id='word_1_99' title='bbox 1525 1421 1587 1484; x_wconf 88' lang='lat' dir='ltr'>que</span> <span class='ocrx_word' id='word_1_100' title='bbox 1616 1408 1682 1464; x_wconf 91' lang='lat' dir='ltr'>tam</span> <span class='ocrx_word' id='word_1_101' title='bbox 1712 1422 1769 1485; x_wconf 92' lang='lat' dir='ltr'>pro</span> <span class='ocrx_word' id='word_1_102' title='bbox 1793 1400 1875 1463; x_wconf 89' lang='lat' dir='ltr'>vivis</span> <span class='ocrx_word' id='word_1_103' title='bbox 1904 1422 2000 1484; x_wconf 90' lang='lat' dir='ltr'>quam</span> 
     </span>
     <span class='ocr_line' id='line_1_10' title="bbox 140 1502 1998 1589; baseline 0.001 -22"><span class='ocrx_word' id='word_1_104' title='bbox 140 1524 200 1588; x_wconf 91' lang='lat' dir='ltr'>pro</span> <span class='ocrx_word' id='word_1_105' title='bbox 223 1503 384 1568; x_wconf 86' lang='lat' dir='ltr'>defunctis</span> <span class='ocrx_word' id='word_1_106' title='bbox 408 1504 580 1588; x_wconf 86' lang='lat' dir='ltr'>utrobique</span> <span class='ocrx_word' id='word_1_107' title='bbox 605 1505 829 1585; x_wconf 89' lang='lat' dir='ltr'>celebrantur,</span> <span class='ocrx_word' id='word_1_108' title='bbox 857 1508 1149 1585; x_wconf 73' lang='lat' dir='ltr'>communicarent,</span> <span class='ocrx_word' id='word_1_109' title='bbox 1173 1513 1205 1569; x_wconf 90' lang='lat' dir='ltr'>ct</span> <span class='ocrx_word' id='word_1_110' title='bbox 1229 1507 1256 1568; x_wconf 93' lang='lat' dir='ltr'>si</span> <span class='ocrx_word' id='word_1_111' title='bbox 1280 1505 1363 1568; x_wconf 89' lang='lat' dir='ltr'>forte</span> <span class='ocrx_word' id='word_1_112' title='bbox 1387 1505 1527 1588; x_wconf 88' lang='lat' dir='ltr'>aliquem</span> <span class='ocrx_word' id='word_1_113' title='bbox 1552 1525 1594 1567; x_wconf 84' lang='lat' dir='ltr'>ex</span> <span class='ocrx_word' id='word_1_114' title='bbox 1617 1502 1771 1567; x_wconf 90' lang='lat' dir='ltr'>fratribus</span> <span class='ocrx_word' id='word_1_115' title='bbox 1795 1503 1916 1567; x_wconf 87' lang='lat' dir='ltr'>nostris</span> <span class='ocrx_word' id='word_1_116' title='bbox 1939 1524 1998 1589; x_wconf 91' lang='lat' dir='ltr'>pro</span> 
     </span>
     <span class='ocr_line' id='line_1_11' title="bbox 139 1607 1998 1694; baseline 0.001 -24"><span class='ocrx_word' id='word_1_117' title='bbox 139 1607 250 1691; x_wconf 87' lang='lat' dir='ltr'>aliqua</span> <span class='ocrx_word' id='word_1_118' title='bbox 273 1607 412 1672; x_wconf 89' lang='lat' dir='ltr'>honesta</span> <span class='ocrx_word' id='word_1_119' title='bbox 435 1627 534 1672; x_wconf 88' lang='lat' dir='ltr'>causa</span> <span class='ocrx_word' id='word_1_120' title='bbox 556 1608 589 1670; x_wconf 91' lang='lat' dir='ltr'>in</span> <span class='ocrx_word' id='word_1_121' title='bbox 613 1608 761 1694; x_wconf 88' lang='lat' dir='ltr'>predicte</span> <span class='ocrx_word' id='word_1_122' title='bbox 785 1609 857 1672; x_wconf 91' lang='lat' dir='ltr'>loco</span> <span class='ocrx_word' id='word_1_123' title='bbox 880 1609 997 1674; x_wconf 87' lang='lat' dir='ltr'>adesse</span> <span class='ocrx_word' id='word_1_124' title='bbox 1021 1611 1238 1694; x_wconf 86' lang='lat' dir='ltr'>contingeret,</span> <span class='ocrx_word' id='word_1_125' title='bbox 1270 1608 1414 1693; x_wconf 88' lang='lat' dir='ltr'>plenarie</span> <span class='ocrx_word' id='word_1_126' title='bbox 1437 1609 1533 1671; x_wconf 93' lang='lat' dir='ltr'>unius</span> <span class='ocrx_word' id='word_1_127' title='bbox 1557 1608 1666 1672; x_wconf 89' lang='lat' dir='ltr'>fratris</span> <span class='ocrx_word' id='word_1_128' title='bbox 1689 1607 1891 1693; x_wconf 91' lang='lat' dir='ltr'>prebendam</span> <span class='ocrx_word' id='word_1_129' title='bbox 1914 1608 1998 1675; x_wconf 86' lang='lat' dir='ltr'>reci-</span> 
     </span>
     <span class='ocr_line' id='line_1_12' title="bbox 140 1709 1997 1796; baseline 0.001 -21"><span class='ocrx_word' id='word_1_130' title='bbox 140 1717 250 1796; x_wconf 89' lang='lat' dir='ltr'>peret,</span> <span class='ocrx_word' id='word_1_131' title='bbox 279 1718 312 1775; x_wconf 90' lang='lat' dir='ltr'>et</span> <span class='ocrx_word' id='word_1_132' title='bbox 343 1711 459 1776; x_wconf 90' lang='lat' dir='ltr'>eedem</span> <span class='ocrx_word' id='word_1_133' title='bbox 483 1711 553 1775; x_wconf 91' lang='lat' dir='ltr'>iure</span> <span class='ocrx_word' id='word_1_134' title='bbox 577 1709 714 1794; x_wconf 90' lang='lat' dir='ltr'>quilibet</span> <span class='ocrx_word' id='word_1_135' title='bbox 745 1732 786 1775; x_wconf 84' lang='lat' dir='ltr'>ex</span> <span class='ocrx_word' id='word_1_136' title='bbox 815 1711 972 1777; x_wconf 87' lang='lat' dir='ltr'>fratribus</span> <span class='ocrx_word' id='word_1_137' title='bbox 995 1713 1112 1775; x_wconf 91' lang='lat' dir='ltr'>vestris</span> <span class='ocrx_word' id='word_1_138' title='bbox 1141 1712 1315 1777; x_wconf 90' lang='lat' dir='ltr'>ecclesiam</span> <span class='ocrx_word' id='word_1_139' title='bbox 1343 1718 1488 1776; x_wconf 89' lang='lat' dir='ltr'>nestram</span> <span class='ocrx_word' id='word_1_140' title='bbox 1519 1711 1631 1776; x_wconf 88' lang='lat' dir='ltr'>adiens</span> <span class='ocrx_word' id='word_1_141' title='bbox 1660 1711 1796 1776; x_wconf 91' lang='lat' dir='ltr'>similem</span> <span class='ocrx_word' id='word_1_142' title='bbox 1827 1711 1997 1776; x_wconf 88' lang='lat' dir='ltr'>caritatem</span> 
     </span>
     <span class='ocr_line' id='line_1_13' title="bbox 140 1814 1999 1900; baseline 0.002 -22"><span class='ocrx_word' id='word_1_143' title='bbox 140 1814 312 1880; x_wconf 87' lang='lat' dir='ltr'>inveniret.</span> <span class='ocrx_word' id='word_1_144' title='bbox 366 1814 461 1878; x_wconf 86' lang='lat' dir='ltr'>Anno</span> <span class='ocrx_word' id='word_1_145' title='bbox 498 1815 597 1899; x_wconf 83' lang='lat' dir='ltr'>igitur</span> <span class='ocrx_word' id='word_1_146' title='bbox 627 1815 668 1878; x_wconf 88' lang='lat' dir='ltr'>ab</span> <span class='ocrx_word' id='word_1_147' title='bbox 698 1816 921 1880; x_wconf 87' lang='lat' dir='ltr'>incarnatione</span> <span class='ocrx_word' id='word_1_148' title='bbox 950 1815 1072 1879; x_wconf 90' lang='lat' dir='ltr'>domini</span> <span class='ocrx_word' id='word_1_149' title='bbox 1102 1814 1450 1895; x_wconf 83' lang='lat' dir='ltr'>M.O.LXXX.VIII.,</span> <span class='ocrx_word' id='word_1_150' title='bbox 1482 1815 1670 1900; x_wconf 89' lang='lat' dir='ltr'>presidente</span> <span class='ocrx_word' id='word_1_151' title='bbox 1704 1814 1835 1878; x_wconf 92' lang='lat' dir='ltr'>domino</span> <span class='ocrx_word' id='word_1_152' title='bbox 1862 1814 1999 1881; x_wconf 90' lang='lat' dir='ltr'>Urbano</span> 
     </span>
     <span class='ocr_line' id='line_1_14' title="bbox 141 1909 1999 2004; baseline 0 -22"><span class='ocrx_word' id='word_1_153' title='bbox 141 1939 267 1982; x_wconf 86' lang='lat' dir='ltr'>summo</span> <span class='ocrx_word' id='word_1_154' title='bbox 291 1925 324 1982; x_wconf 91' lang='lat' dir='ltr'>et</span> <span class='ocrx_word' id='word_1_155' title='bbox 347 1918 525 1982; x_wconf 86' lang='lat' dir='ltr'>universali</span> <span class='ocrx_word' id='word_1_156' title='bbox 547 1918 718 2004; x_wconf 86' lang='lat' dir='ltr'>pontifice,</span> <span class='ocrx_word' id='word_1_157' title='bbox 741 1925 900 2002; x_wconf 83' lang='lat' dir='ltr'>regnante</span> <span class='ocrx_word' id='word_1_158' title='bbox 923 1919 1156 2002; x_wconf 86' lang='lat' dir='ltr'>gloriosissime</span> <span class='ocrx_word' id='word_1_159' title='bbox 1180 1919 1375 2002; x_wconf 89' lang='lat' dir='ltr'>imperatore</span> <span class='ocrx_word' id='word_1_160' title='bbox 1400 1916 1581 1996; x_wconf 82' lang='lat' dir='ltr'>Friderico,</span> <span class='ocrx_word' id='word_1_161' title='bbox 1606 1940 1667 2003; x_wconf 84' lang='lat' dir='ltr'>ego</span> <span class='ocrx_word' id='word_1_162' title='bbox 1691 1909 1877 1992; x_wconf 82' lang='lat' dir='ltr'>Cdnradus,</span> <span class='ocrx_word' id='word_1_163' title='bbox 1903 1918 1999 1984; x_wconf 81' lang='lat' dir='ltr'>Sabi-</span> 
     </span>
     <span class='ocr_line' id='line_1_15' title="bbox 140 2020 1999 2107; baseline 0 -21"><span class='ocrx_word' id='word_1_164' title='bbox 140 2022 252 2086; x_wconf 85' lang='lat' dir='ltr'>nensis</span> <span class='ocrx_word' id='word_1_165' title='bbox 275 2021 458 2107; x_wconf 87' lang='lat' dir='ltr'>episcopus,</span> <span class='ocrx_word' id='word_1_166' title='bbox 481 2020 673 2106; x_wconf 84' lang='lat' dir='ltr'>Magantine</span> <span class='ocrx_word' id='word_1_167' title='bbox 699 2022 786 2086; x_wconf 89' lang='lat' dir='ltr'>sedis</span> <span class='ocrx_word' id='word_1_168' title='bbox 809 2021 1076 2106; x_wconf 87' lang='lat' dir='ltr'>archiepiscopus</span> <span class='ocrx_word' id='word_1_169' title='bbox 1100 2028 1133 2086; x_wconf 89' lang='lat' dir='ltr'>et</span> <span class='ocrx_word' id='word_1_170' title='bbox 1155 2021 1332 2106; x_wconf 89' lang='lat' dir='ltr'>apostolice</span> <span class='ocrx_word' id='word_1_171' title='bbox 1351 2020 1437 2085; x_wconf 89' lang='lat' dir='ltr'>sedis</span> <span class='ocrx_word' id='word_1_172' title='bbox 1453 2022 1593 2106; x_wconf 85' lang='lat' dir='ltr'>legatus,</span> <span class='ocrx_word' id='word_1_173' title='bbox 1616 2023 1753 2086; x_wconf 89' lang='lat' dir='ltr'>veniens</span> <span class='ocrx_word' id='word_1_174' title='bbox 1769 2021 1809 2085; x_wconf 90' lang='lat' dir='ltr'>ad</span> <span class='ocrx_word' id='word_1_175' title='bbox 1827 2021 1999 2087; x_wconf 93' lang='lat' dir='ltr'>cenobium</span> 
     </span>
     <span class='ocr_line' id='line_1_16' title="bbox 139 2124 1999 2210; baseline 0 -20"><span class='ocrx_word' id='word_1_176' title='bbox 139 2126 230 2190; x_wconf 88' lang='lat' dir='ltr'>beati</span> <span class='ocrx_word' id='word_1_177' title='bbox 254 2125 342 2190; x_wconf 83' lang='lat' dir='ltr'>Galli</span> <span class='ocrx_word' id='word_1_178' title='bbox 365 2125 559 2190; x_wconf 88' lang='lat' dir='ltr'>confessoris</span> <span class='ocrx_word' id='word_1_179' title='bbox 584 2126 739 2190; x_wconf 89' lang='lat' dir='ltr'>erationis</span> <span class='ocrx_word' id='word_1_180' title='bbox 764 2147 862 2189; x_wconf 88' lang='lat' dir='ltr'>causa</span> <span class='ocrx_word' id='word_1_181' title='bbox 885 2125 925 2188; x_wconf 90' lang='lat' dir='ltr'>ad</span> <span class='ocrx_word' id='word_1_182' title='bbox 949 2126 1140 2210; x_wconf 87' lang='lat' dir='ltr'>petitionem</span> <span class='ocrx_word' id='word_1_183' title='bbox 1165 2132 1229 2188; x_wconf 89' lang='lat' dir='ltr'>tam</span> <span class='ocrx_word' id='word_1_184' title='bbox 1256 2124 1390 2188; x_wconf 86' lang='lat' dir='ltr'>fratrum</span> <span class='ocrx_word' id='word_1_185' title='bbox 1414 2130 1597 2188; x_wconf 91' lang='lat' dir='ltr'>nostrorum</span> <span class='ocrx_word' id='word_1_186' title='bbox 1615 2145 1710 2209; x_wconf 90' lang='lat' dir='ltr'>quam</span> <span class='ocrx_word' id='word_1_187' title='bbox 1732 2125 1870 2189; x_wconf 87' lang='lat' dir='ltr'>fratrum</span> <span class='ocrx_word' id='word_1_188' title='bbox 1894 2127 1999 2191; x_wconf 87' lang='lat' dir='ltr'>sancti</span> 
     </span>
    </p>
   </div>
   <div class='ocr_carea' id='block_1_5' title="bbox 139 2221 1998 2446">
    <p class='ocr_par' dir='ltr' id='par_1_5' title="bbox 139 2221 1998 2446">
     <span class='ocr_line' id='line_1_17' title="bbox 1844 2221 1857 2244; baseline 0 0"><span class='ocrx_word' id='word_1_189' title='bbox 1844 2221 1857 2244; x_wconf 71' lang='lat' dir='ltr'>V</span> 
     </span>
     <span class='ocr_line' id='line_1_18' title="bbox 142 2252 1998 2340; baseline 0.001 -21"><span class='ocrx_word' id='word_1_190' title='bbox 142 2254 240 2335; x_wconf 84' lang='lat' dir='ltr'>Galli,</span> <span class='ocrx_word' id='word_1_191' title='bbox 258 2263 410 2340; x_wconf 89' lang='lat' dir='ltr'>presente</span> <span class='ocrx_word' id='word_1_192' title='bbox 428 2257 532 2320; x_wconf 88' lang='lat' dir='ltr'>amico</span> <span class='ocrx_word' id='word_1_193' title='bbox 549 2261 582 2320; x_wconf 91' lang='lat' dir='ltr'>et</span> <span class='ocrx_word' id='word_1_194' title='bbox 598 2257 696 2320; x_wconf 90' lang='lat' dir='ltr'>fratre</span> <span class='ocrx_word' id='word_1_195' title='bbox 713 2263 822 2319; x_wconf 86' lang='lat' dir='ltr'>nostro</span> <span class='ocrx_word' id='word_1_196' title='bbox 840 2254 1005 2332; x_wconf 86' lang='lat' dir='ltr'>Heinrico,</span> <span class='ocrx_word' id='word_1_197' title='bbox 1022 2256 1123 2318; x_wconf 88' lang='lat' dir='ltr'>nostri</span> <span class='ocrx_word' id='word_1_198' title='bbox 1141 2262 1317 2318; x_wconf 89' lang='lat' dir='ltr'>conventus</span> <span class='ocrx_word' id='word_1_199' title='bbox 1337 2253 1517 2318; x_wconf 88' lang='lat' dir='ltr'>venerabili</span> <span class='ocrx_word' id='word_1_200' title='bbox 1534 2252 1668 2334; x_wconf 90' lang='lat' dir='ltr'>decane,</span> <span class='ocrx_word' id='word_1_201' title='bbox 1691 2275 1818 2318; x_wconf 89' lang='lat' dir='ltr'>necnon</span> <span class='ocrx_word' id='word_1_202' title='bbox 1834 2254 1998 2336; x_wconf 88' lang='lat' dir='ltr'>Odalrico,</span> 
     </span>
     <span class='ocr_line' id='line_1_19' title="bbox 139 2357 1998 2446; baseline 0.001 -23"><span class='ocrx_word' id='word_1_203' title='bbox 139 2358 386 2424; x_wconf 81' lang='lat' dir='ltr'>Constantiensi</span> <span class='ocrx_word' id='word_1_204' title='bbox 405 2361 569 2446; x_wconf 89' lang='lat' dir='ltr'>preposito</span> <span class='ocrx_word' id='word_1_205' title='bbox 594 2381 632 2423; x_wconf 92' lang='lat' dir='ltr'>ae</span> <span class='ocrx_word' id='word_1_206' title='bbox 656 2357 802 2424; x_wconf 86' lang='lat' dir='ltr'>ciusdem</span> <span class='ocrx_word' id='word_1_207' title='bbox 826 2360 889 2422; x_wconf 90' lang='lat' dir='ltr'>loci</span> <span class='ocrx_word' id='word_1_208' title='bbox 913 2359 1128 2438; x_wconf 88' lang='lat' dir='ltr'>thesaurario,</span> <span class='ocrx_word' id='word_1_209' title='bbox 1153 2359 1364 2443; x_wconf 88' lang='lat' dir='ltr'>plurimisque</span> <span class='ocrx_word' id='word_1_210' title='bbox 1389 2358 1517 2422; x_wconf 89' lang='lat' dir='ltr'>clericis</span> <span class='ocrx_word' id='word_1_211' title='bbox 1541 2358 1660 2422; x_wconf 86' lang='lat' dir='ltr'>nostris</span> <span class='ocrx_word' id='word_1_212' title='bbox 1684 2378 1722 2421; x_wconf 87' lang='lat' dir='ltr'>ac</span> <span class='ocrx_word' id='word_1_213' title='bbox 1745 2358 1901 2423; x_wconf 89' lang='lat' dir='ltr'>militibus</span> <span class='ocrx_word' id='word_1_214' title='bbox 1924 2380 1998 2445; x_wconf 90' lang='lat' dir='ltr'>pre·</span> 
     </span>
    </p>
   </div>
   <div class='ocr_carea' id='block_1_6' title="bbox 136 2454 1999 2887">
    <p class='ocr_par' dir='ltr' id='par_1_6' title="bbox 136 2454 1999 2887">
     <span class='ocr_line' id='line_1_20' title="bbox 139 2454 1999 2575; baseline -0.001 -21"><span class='ocrx_word' id='word_1_215' title='bbox 139 2489 280 2554; x_wconf 88' lang='lat' dir='ltr'>sentiam</span> <span class='ocrx_word' id='word_1_216' title='bbox 306 2510 398 2553; x_wconf 90' lang='lat' dir='ltr'>suam</span> <span class='ocrx_word' id='word_1_217' title='bbox 422 2489 663 2568; x_wconf 83' lang='lat' dir='ltr'>adhibentibus,</span> <span class='ocrx_word' id='word_1_218' title='bbox 687 2488 869 2574; x_wconf 88' lang='lat' dir='ltr'>predictam</span> <span class='ocrx_word' id='word_1_219' title='bbox 893 2487 1162 2552; x_wconf 89' lang='lat' dir='ltr'>consuetudinem</span> <span class='ocrx_word' id='word_1_220' title='bbox 1179 2487 1311 2551; x_wconf 89' lang='lat' dir='ltr'>domine</span> <span class='ocrx_word' id='word_1_221' title='bbox 1337 2484 1380 2574; x_wconf 85' lang='lat' dir='ltr'>[p.</span> <span class='ocrx_word' id='word_1_222' title='bbox 1400 2485 1473 2573; x_wconf 75' lang='lat'>1611]</span> <span class='ocrx_word' id='word_1_223' title='bbox 1493 2454 1644 2575; x_wconf 66' lang='lat' dir='ltr'>(ldalricq</span> <span class='ocrx_word' id='word_1_224' title='bbox 1660 2487 1779 2552; x_wconf 89' lang='lat' dir='ltr'>abbate</span> <span class='ocrx_word' id='word_1_225' title='bbox 1804 2507 1999 2552; x_wconf 89' lang='lat' dir='ltr'>consensum</span> 
     </span>
     <span class='ocr_line' id='line_1_21' title="bbox 137 2590 1998 2678; baseline -0.001 -22"><span class='ocrx_word' id='word_1_226' title='bbox 137 2592 297 2678; x_wconf 90' lang='lat' dir='ltr'>prebente</span> <span class='ocrx_word' id='word_1_227' title='bbox 321 2593 482 2657; x_wconf 93' lang='lat' dir='ltr'>communi</span> <span class='ocrx_word' id='word_1_228' title='bbox 504 2593 660 2678; x_wconf 88' lang='lat' dir='ltr'>petitione</span> <span class='ocrx_word' id='word_1_229' title='bbox 684 2593 819 2656; x_wconf 90' lang='lat' dir='ltr'>fratrum</span> <span class='ocrx_word' id='word_1_230' title='bbox 837 2592 988 2656; x_wconf 80' lang='lat' dir='ltr'>renovavi</span> <span class='ocrx_word' id='word_1_231' title='bbox 1013 2598 1046 2655; x_wconf 88' lang='lat' dir='ltr'>et</span> <span class='ocrx_word' id='word_1_232' title='bbox 1062 2591 1246 2655; x_wconf 88' lang='lat' dir='ltr'>confirmavi</span> <span class='ocrx_word' id='word_1_233' title='bbox 1264 2591 1500 2676; x_wconf 88' lang='lat' dir='ltr'>sollempniquc</span> <span class='ocrx_word' id='word_1_234' title='bbox 1518 2591 1722 2655; x_wconf 86' lang='lat' dir='ltr'>fraternitate</span> <span class='ocrx_word' id='word_1_235' title='bbox 1739 2611 1758 2653; x_wconf 90' lang='lat' dir='ltr'>a</span> <span class='ocrx_word' id='word_1_236' title='bbox 1774 2596 1841 2654; x_wconf 91' lang='lat' dir='ltr'>toto</span> <span class='ocrx_word' id='word_1_237' title='bbox 1857 2590 1998 2677; x_wconf 88' lang='lat' dir='ltr'>capitulo</span> 
     </span>
     <span class='ocr_line' id='line_1_22' title="bbox 136 2695 1998 2782; baseline 0.001 -23"><span class='ocrx_word' id='word_1_238' title='bbox 136 2702 274 2782; x_wconf 88' lang='lat' dir='ltr'>recepta</span> <span class='ocrx_word' id='word_1_239' title='bbox 305 2703 379 2761; x_wconf 91' lang='lat' dir='ltr'>ete</span> <span class='ocrx_word' id='word_1_240' title='bbox 410 2717 568 2760; x_wconf 87' lang='lat' dir='ltr'>converso</span> <span class='ocrx_word' id='word_1_241' title='bbox 597 2695 789 2779; x_wconf 85' lang='lat' dir='ltr'>Maguntine</span> <span class='ocrx_word' id='word_1_242' title='bbox 819 2697 991 2760; x_wconf 88' lang='lat' dir='ltr'>conventui</span> <span class='ocrx_word' id='word_1_243' title='bbox 1020 2717 1078 2780; x_wconf 89' lang='lat' dir='ltr'>per</span> <span class='ocrx_word' id='word_1_244' title='bbox 1108 2696 1224 2758; x_wconf 91' lang='lat' dir='ltr'>fratres</span> <span class='ocrx_word' id='word_1_245' title='bbox 1254 2701 1380 2758; x_wconf 89' lang='lat' dir='ltr'>nostres</span> <span class='ocrx_word' id='word_1_246' title='bbox 1403 2695 1596 2759; x_wconf 89' lang='lat' dir='ltr'>transmissa</span> <span class='ocrx_word' id='word_1_247' title='bbox 1624 2696 1740 2760; x_wconf 88' lang='lat' dir='ltr'>litteris</span> <span class='ocrx_word' id='word_1_248' title='bbox 1769 2696 1853 2760; x_wconf 90' lang='lat' dir='ltr'>hanc</span> <span class='ocrx_word' id='word_1_249' title='bbox 1882 2696 1998 2760; x_wconf 90' lang='lat' dir='ltr'>confir·</span> 
     </span>
     <span class='ocr_line' id='line_1_23' title="bbox 136 2797 1875 2887; baseline -0.001 -22"><span class='ocrx_word' id='word_1_250' title='bbox 136 2800 316 2865; x_wconf 90' lang='lat' dir='ltr'>mationem</span> <span class='ocrx_word' id='word_1_251' title='bbox 339 2801 488 2887; x_wconf 88' lang='lat' dir='ltr'>inscripsi</span> <span class='ocrx_word' id='word_1_252' title='bbox 511 2821 550 2863; x_wconf 88' lang='lat' dir='ltr'>ae</span> <span class='ocrx_word' id='word_1_253' title='bbox 573 2800 679 2885; x_wconf 80' lang='lat' dir='ltr'>sigillo</span> <span class='ocrx_word' id='word_1_254' title='bbox 704 2806 825 2880; x_wconf 89' lang='lat' dir='ltr'>nestro,</span> <span class='ocrx_word' id='word_1_255' title='bbox 849 2801 1002 2885; x_wconf 88' lang='lat' dir='ltr'>quatinus</span> <span class='ocrx_word' id='word_1_256' title='bbox 1027 2799 1182 2885; x_wconf 88' lang='lat' dir='ltr'>deinceps</span> <span class='ocrx_word' id='word_1_257' title='bbox 1206 2801 1392 2864; x_wconf 89' lang='lat' dir='ltr'>firmitatem</span> <span class='ocrx_word' id='word_1_258' title='bbox 1416 2805 1536 2875; x_wconf 87' lang='lat' dir='ltr'>teneat,</span> <span class='ocrx_word' id='word_1_259' title='bbox 1561 2799 1710 2883; x_wconf 86' lang='lat' dir='ltr'>insigniri</span> <span class='ocrx_word' id='word_1_260' title='bbox 1733 2797 1875 2864; x_wconf 87' lang='lat' dir='ltr'>decrevi.</span> 
     </span>
    </p>
   </div>
   <div class='ocr_carea' id='block_1_7' title="bbox 107 3271 1998 3837">
    <p class='ocr_par' dir='ltr' id='par_1_7' title="bbox 107 3271 1998 3692">
     <span class='ocr_line' id='line_1_24' title="bbox 297 3271 1844 3380; baseline -0.001 -13"><span class='ocrx_word' id='word_1_261' title='bbox 297 3277 352 3367; x_wconf 89' lang='lat' dir='ltr'>B.</span> <span class='ocrx_word' id='word_1_262' title='bbox 405 3276 772 3368; x_wconf 81' lang='lat' dir='ltr'><strong>FORMULAE</strong></span> <span class='ocrx_word' id='word_1_263' title='bbox 806 3274 1074 3379; x_wconf 82' lang='lat' dir='ltr'><strong>ROTULL</strong></span> <span class='ocrx_word' id='word_1_264' title='bbox 1108 3271 1247 3380; x_wconf 82' lang='lat' dir='ltr'>QUO</span> <span class='ocrx_word' id='word_1_265' title='bbox 1281 3271 1523 3366; x_wconf 82' lang='lat' dir='ltr'><strong>OBITUS</strong></span> <span class='ocrx_word' id='word_1_266' title='bbox 1555 3271 1844 3366; x_wconf 83' lang='lat' dir='ltr'>FRATRIS</span> 
     </span>
     <span class='ocr_line' id='line_1_25' title="bbox 107 3424 1998 3526; baseline -0.003 -4"><span class='ocrx_word' id='word_1_267' title='bbox 107 3429 465 3526; x_wconf 63' lang='lat' dir='ltr'>erluvinus</span> <span class='ocrx_word' id='word_1_268' title='bbox 498 3430 953 3525; x_wconf 83' lang='lat' dir='ltr'><strong>MONASTERIIS</strong></span> <span class='ocrx_word' id='word_1_269' title='bbox 988 3428 1506 3521; x_wconf 81' lang='lat' dir='ltr'><strong>FRATERNITATE</strong></span> <span class='ocrx_word' id='word_1_270' title='bbox 1540 3424 1998 3522; x_wconf 80' lang='lat' dir='ltr'><strong>SANGALLENSI</strong></span> 
     </span>
     <span class='ocr_line' id='line_1_26' title="bbox 550 3583 1591 3692; baseline -0.005 -12"><span class='ocrx_word' id='word_1_271' title='bbox 550 3586 952 3681; x_wconf 79' lang='lat' dir='ltr'><strong>CONIUNCTIS</strong></span> <span class='ocrx_word' id='word_1_272' title='bbox 985 3583 1475 3692; x_wconf 83' lang='lat' dir='ltr'><strong>INDIOABATUR,</strong></span> <span class='ocrx_word' id='word_1_273' title='bbox 1508 3585 1591 3677; x_wconf 83' lang='lat' dir='ltr'>ET</span> 
     </span>
    </p>

    <p class='ocr_par' dir='ltr' id='par_1_8' title="bbox 652 3741 1494 3837">
     <span class='ocr_line' id='line_1_27' title="bbox 652 3741 1494 3837; baseline -0.004 0"><span class='ocrx_word' id='word_1_274' title='bbox 652 3742 976 3837; x_wconf 83' lang='lat' dir='ltr'><strong>FORMULA</strong></span> <span class='ocrx_word' id='word_1_275' title='bbox 1011 3741 1494 3836; x_wconf 86' lang='lat' dir='ltr'><strong>PROMISSIONIS.</strong></span> 
     </span>
    </p>
   </div>
   <div class='ocr_carea' id='block_1_8' title="bbox 898 3955 1241 4036">
    <p class='ocr_par' dir='ltr' id='par_1_9' title="bbox 898 3955 1241 4036">
     <span class='ocr_line' id='line_1_28' title="bbox 898 3955 1241 4036; baseline -0.006 -17"><span class='ocrx_word' id='word_1_276' title='bbox 898 3955 1241 4036; x_wconf 52' lang='lat' dir='ltr'>mamam</span> 
     </span>
    </p>
   </div>
   <div class='ocr_carea' id='block_1_9' title="bbox 148 4073 2000 4372">
    <p class='ocr_par' dir='ltr' id='par_1_10' title="bbox 148 4073 2000 4372">
     <span class='ocr_line' id='line_1_29' title="bbox 251 4073 2000 4160; baseline -0.001 -23"><span class='ocrx_word' id='word_1_277' title='bbox 251 4073 311 4160; x_wconf 86' lang='lat'>(1.)</span> <span class='ocrx_word' id='word_1_278' title='bbox 348 4073 516 4139; x_wconf 81' lang='lat' dir='ltr'>Fratribus</span> <span class='ocrx_word' id='word_1_279' title='bbox 540 4076 573 4139; x_wconf 96' lang='lat' dir='ltr'>in</span> <span class='ocrx_word' id='word_1_280' title='bbox 588 4076 708 4141; x_wconf 89' lang='lat' dir='ltr'>christo</span> <span class='ocrx_word' id='word_1_281' title='bbox 725 4075 853 4142; x_wconf 88' lang='lat' dir='ltr'>dilectis</span> <span class='ocrx_word' id='word_1_282' title='bbox 877 4099 936 4141; x_wconf 91' lang='lat' dir='ltr'>nos</span> <span class='ocrx_word' id='word_1_283' title='bbox 959 4076 1078 4141; x_wconf 89' lang='lat' dir='ltr'>fratres</span> <span class='ocrx_word' id='word_1_284' title='bbox 1101 4076 1141 4141; x_wconf 90' lang='lat' dir='ltr'>de</span> <span class='ocrx_word' id='word_1_285' title='bbox 1158 4076 1354 4140; x_wconf 89' lang='lat' dir='ltr'>monasterio</span> <span class='ocrx_word' id='word_1_286' title='bbox 1378 4075 1482 4139; x_wconf 87' lang='lat' dir='ltr'>sancti</span> <span class='ocrx_word' id='word_1_287' title='bbox 1499 4075 1588 4140; x_wconf 88' lang='lat' dir='ltr'>Galli</span> <span class='ocrx_word' id='word_1_288' title='bbox 1612 4076 1762 4140; x_wconf 86' lang='lat' dir='ltr'>salutem.</span> <span class='ocrx_word' id='word_1_289' title='bbox 1806 4075 2000 4139; x_wconf 85' lang='lat' dir='ltr'>Intimamus</span> 
     </span>
     <span class='ocr_line' id='line_1_30' title="bbox 148 4177 1999 4266; baseline 0.001 -27"><span class='ocrx_word' id='word_1_290' title='bbox 148 4178 269 4242; x_wconf 87' lang='lat' dir='ltr'>caritati</span> <span class='ocrx_word' id='word_1_291' title='bbox 299 4186 407 4259; x_wconf 75' lang='lat' dir='ltr'>vestre</span> <span class='ocrx_word' id='word_1_292' title='bbox 437 4179 559 4244; x_wconf 90' lang='lat' dir='ltr'>obitum</span> <span class='ocrx_word' id='word_1_293' title='bbox 591 4181 657 4244; x_wconf 90' lang='lat' dir='ltr'>cari</span> <span class='ocrx_word' id='word_1_294' title='bbox 688 4182 790 4266; x_wconf 90' lang='lat' dir='ltr'>patris</span> <span class='ocrx_word' id='word_1_295' title='bbox 820 4183 924 4246; x_wconf 88' lang='lat' dir='ltr'>nostri</span> <span class='ocrx_word' id='word_1_296' title='bbox 953 4181 1132 4245; x_wconf 90' lang='lat' dir='ltr'>Purchardi</span> <span class='ocrx_word' id='word_1_297' title='bbox 1165 4180 1315 4243; x_wconf 91' lang='lat' dir='ltr'>monachi</span> <span class='ocrx_word' id='word_1_298' title='bbox 1345 4185 1443 4263; x_wconf 91' lang='lat' dir='ltr'>atquc</span> <span class='ocrx_word' id='word_1_299' title='bbox 1474 4178 1665 4243; x_wconf 89' lang='lat' dir='ltr'>subdiaconi</span> <span class='ocrx_word' id='word_1_300' title='bbox 1696 4177 1809 4242; x_wconf 89' lang='lat' dir='ltr'><strong>XIIII.</strong></span> <span class='ocrx_word' id='word_1_301' title='bbox 1832 4177 1908 4242; x_wconf 89' lang='lat' dir='ltr'>Kal.</span> <span class='ocrx_word' id='word_1_302' title='bbox 1937 4177 1999 4241; x_wconf 94' lang='lat' dir='ltr'>Iul.</span> 
     </span>
     <span class='ocr_line' id='line_1_31' title="bbox 151 4278 1269 4372; baseline 0.004 -30"><span class='ocrx_word' id='word_1_303' title='bbox 151 4278 298 4347; x_wconf 87' lang='lat' dir='ltr'>defuncti.</span> <span class='ocrx_word' id='word_1_304' title='bbox 343 4282 407 4346; x_wconf 91' lang='lat' dir='ltr'>Pro</span> <span class='ocrx_word' id='word_1_305' title='bbox 432 4283 524 4347; x_wconf 86' lang='lat' dir='ltr'>cuius</span> <span class='ocrx_word' id='word_1_306' title='bbox 547 4283 655 4348; x_wconf 91' lang='lat' dir='ltr'>anima</span> <span class='ocrx_word' id='word_1_307' title='bbox 679 4287 792 4349; x_wconf 89' lang='lat' dir='ltr'>solitas</span> <span class='ocrx_word' id='word_1_308' title='bbox 816 4308 931 4372; x_wconf 84' lang='lat' dir='ltr'>preces</span> <span class='ocrx_word' id='word_1_309' title='bbox 955 4307 1054 4370; x_wconf 85' lang='lat' dir='ltr'>agere</span> <span class='ocrx_word' id='word_1_310' title='bbox 1079 4285 1269 4369; x_wconf 85' lang='lat' dir='ltr'>dignamini.</span> 
     </span>
    </p>
   </div>
   <div class='ocr_carea' id='block_1_10' title="bbox 144 4402 2071 4905">
    <p class='ocr_par' dir='ltr' id='par_1_11' title="bbox 144 4402 2071 4905">
     <span class='ocr_line' id='line_1_32' title="bbox 251 4402 2071 4489; baseline 0 -23"><span class='ocrx_word' id='word_1_311' title='bbox 251 4402 310 4486; x_wconf 74' lang='lat'>(2.)</span> <span class='ocrx_word' id='word_1_312' title='bbox 344 4403 497 4467; x_wconf 91' lang='lat' dir='ltr'>Patribus</span> <span class='ocrx_word' id='word_1_313' title='bbox 532 4410 565 4469; x_wconf 90' lang='lat' dir='ltr'>et</span> <span class='ocrx_word' id='word_1_314' title='bbox 592 4405 747 4470; x_wconf 87' lang='lat' dir='ltr'>fratribus</span> <span class='ocrx_word' id='word_1_315' title='bbox 784 4405 890 4470; x_wconf 92' lang='lat' dir='ltr'>ubivis</span> <span class='ocrx_word' id='word_1_316' title='bbox 918 4406 1186 4471; x_wconf 88' lang='lat' dir='ltr'>conversantibus</span> <span class='ocrx_word' id='word_1_317' title='bbox 1217 4404 1489 4489; x_wconf 69' lang='lat' dir='ltr'>sanctigallensis</span> <span class='ocrx_word' id='word_1_318' title='bbox 1525 4402 1734 4488; x_wconf 77' lang='lat' dir='ltr'>congregatio</span> <span class='ocrx_word' id='word_1_319' title='bbox 1767 4402 1999 4488; x_wconf 86' lang='lat' dir='ltr'>compassionis</span> <span class='ocrx_word' id='word_1_320' title='bbox 2069 4445 2071 4451; x_wconf 20' lang='grc' dir='ltr'>η</span> 
     </span>
     <span class='ocr_line' id='line_1_33' title="bbox 146 4505 1999 4595; baseline 0.001 -27"><span class='ocrx_word' id='word_1_321' title='bbox 146 4505 305 4570; x_wconf 91' lang='lat' dir='ltr'>vinculum</span> <span class='ocrx_word' id='word_1_322' title='bbox 338 4508 370 4570; x_wconf 90' lang='lat' dir='ltr'>in</span> <span class='ocrx_word' id='word_1_323' title='bbox 400 4507 539 4572; x_wconf 88' lang='lat' dir='ltr'>dominc.</span> <span class='ocrx_word' id='word_1_324' title='bbox 592 4509 709 4572; x_wconf 87' lang='lat' dir='ltr'>Frater</span> <span class='ocrx_word' id='word_1_325' title='bbox 741 4515 854 4573; x_wconf 89' lang='lat' dir='ltr'>noster</span> <span class='ocrx_word' id='word_1_326' title='bbox 883 4508 1089 4594; x_wconf 88' lang='lat' dir='ltr'>Liuprandus</span> <span class='ocrx_word' id='word_1_327' title='bbox 1118 4509 1226 4595; x_wconf 89' lang='lat' dir='ltr'>presb.</span> <span class='ocrx_word' id='word_1_328' title='bbox 1258 4516 1291 4573; x_wconf 90' lang='lat' dir='ltr'>et</span> <span class='ocrx_word' id='word_1_329' title='bbox 1322 4529 1407 4573; x_wconf 92' lang='lat' dir='ltr'>mou.</span> <span class='ocrx_word' id='word_1_330' title='bbox 1439 4509 1608 4571; x_wconf 88' lang='lat' dir='ltr'>vocatione</span> <span class='ocrx_word' id='word_1_331' title='bbox 1637 4506 1746 4586; x_wconf 77' lang='lat' dir='ltr'>divine</span> <span class='ocrx_word' id='word_1_332' title='bbox 1777 4505 1999 4591; x_wconf 88' lang='lat' dir='ltr'>dispositionis</span> 
     </span>
     <span class='ocr_line' id='line_1_34' title="bbox 145 4606 1999 4699; baseline 0.001 -27"><span class='ocrx_word' id='word_1_333' title='bbox 145 4606 216 4673; x_wconf 90' lang='lat' dir='ltr'>Kal.</span> <span class='ocrx_word' id='word_1_334' title='bbox 232 4608 305 4673; x_wconf 77' lang='lat' dir='ltr'>dan.</span> <span class='ocrx_word' id='word_1_335' title='bbox 330 4612 471 4675; x_wconf 80' lang='lat' dir='ltr'>exsolvit</span> <span class='ocrx_word' id='word_1_336' title='bbox 493 4611 639 4676; x_wconf 89' lang='lat' dir='ltr'>debitum</span> <span class='ocrx_word' id='word_1_337' title='bbox 664 4615 787 4678; x_wconf 91' lang='lat' dir='ltr'>mortis.</span> <span class='ocrx_word' id='word_1_338' title='bbox 823 4613 892 4677; x_wconf 84' lang='lat' dir='ltr'>Vos</span> <span class='ocrx_word' id='word_1_339' title='bbox 916 4620 1026 4678; x_wconf 88' lang='lat' dir='ltr'>autem</span> <span class='ocrx_word' id='word_1_340' title='bbox 1044 4612 1281 4699; x_wconf 88' lang='lat' dir='ltr'>compatientes</span> <span class='ocrx_word' id='word_1_341' title='bbox 1298 4617 1407 4690; x_wconf 78' lang='lat' dir='ltr'>nostre</span> <span class='ocrx_word' id='word_1_342' title='bbox 1424 4611 1630 4675; x_wconf 88' lang='lat' dir='ltr'>amaritudini</span> <span class='ocrx_word' id='word_1_343' title='bbox 1647 4610 1786 4690; x_wconf 75' lang='lat' dir='ltr'>humane</span> <span class='ocrx_word' id='word_1_344' title='bbox 1803 4609 1999 4676; x_wconf 85' lang='lat' dir='ltr'>conditionis</span> 
     </span>
     <span class='ocr_line' id='line_1_35' title="bbox 144 4713 2000 4802; baseline 0.001 -26"><span class='ocrx_word' id='word_1_345' title='bbox 144 4714 393 4778; x_wconf 90' lang='lat' dir='ltr'>reminiscamini</span> <span class='ocrx_word' id='word_1_346' title='bbox 417 4722 452 4778; x_wconf 87' lang='lat' dir='ltr'>ut</span> <span class='ocrx_word' id='word_1_347' title='bbox 476 4717 590 4797; x_wconf 88' lang='lat' dir='ltr'>oratic,</span> <span class='ocrx_word' id='word_1_348' title='bbox 615 4738 676 4800; x_wconf 91' lang='lat' dir='ltr'>que</span> <span class='ocrx_word' id='word_1_349' title='bbox 700 4740 758 4802; x_wconf 90' lang='lat' dir='ltr'>pro</span> <span class='ocrx_word' id='word_1_350' title='bbox 783 4719 853 4782; x_wconf 92' lang='lat' dir='ltr'>eius</span> <span class='ocrx_word' id='word_1_351' title='bbox 875 4719 983 4782; x_wconf 88' lang='lat' dir='ltr'>anima</span> <span class='ocrx_word' id='word_1_352' title='bbox 998 4740 1018 4782; x_wconf 90' lang='lat' dir='ltr'>a</span> <span class='ocrx_word' id='word_1_353' title='bbox 1033 4717 1125 4781; x_wconf 90' lang='lat' dir='ltr'>vebis</span> <span class='ocrx_word' id='word_1_354' title='bbox 1149 4718 1352 4801; x_wconf 88' lang='lat' dir='ltr'>ymmolatur,</span> <span class='ocrx_word' id='word_1_355' title='bbox 1376 4713 1437 4779; x_wconf 91' lang='lat' dir='ltr'>deo</span> <span class='ocrx_word' id='word_1_356' title='bbox 1461 4716 1654 4779; x_wconf 88' lang='lat' dir='ltr'>remetiente</span> <span class='ocrx_word' id='word_1_357' title='bbox 1677 4715 1710 4777; x_wconf 92' lang='lat' dir='ltr'>in</span> <span class='ocrx_word' id='word_1_358' title='bbox 1734 4715 1839 4778; x_wconf 89' lang='lat' dir='ltr'>sinum</span> <span class='ocrx_word' id='word_1_359' title='bbox 1856 4721 2000 4781; x_wconf 90' lang='lat' dir='ltr'>vestrum</span> 
     </span>
     <span class='ocr_line' id='line_1_36' title="bbox 144 4818 1347 4905; baseline 0.004 -27"><span class='ocrx_word' id='word_1_360' title='bbox 144 4822 361 4882; x_wconf 88' lang='lat' dir='ltr'>eonvertatur.</span> <span class='ocrx_word' id='word_1_361' title='bbox 407 4818 526 4882; x_wconf 86' lang='lat' dir='ltr'>Valete</span> <span class='ocrx_word' id='word_1_362' title='bbox 551 4825 582 4881; x_wconf 91' lang='lat' dir='ltr'>et</span> <span class='ocrx_word' id='word_1_363' title='bbox 605 4819 647 4882; x_wconf 93' lang='lat' dir='ltr'>ad</span> <span class='ocrx_word' id='word_1_364' title='bbox 672 4822 825 4905; x_wconf 84' lang='lat' dir='ltr'>contigua</span> <span class='ocrx_word' id='word_1_365' title='bbox 848 4822 942 4886; x_wconf 88' lang='lat' dir='ltr'>vebis</span> <span class='ocrx_word' id='word_1_366' title='bbox 965 4821 1166 4885; x_wconf 88' lang='lat' dir='ltr'>monasteria</span> <span class='ocrx_word' id='word_1_367' title='bbox 1188 4820 1347 4883; x_wconf 90' lang='lat' dir='ltr'>intimate.</span> 
     </span>
    </p>
   </div>
   <div class='ocr_carea' id='block_1_11' title="bbox 143 4936 2000 5128">
    <p class='ocr_par' dir='ltr' id='par_1_12' title="bbox 143 4936 2000 5128">
     <span class='ocr_line' id='line_1_37' title="bbox 252 4936 2000 5024; baseline 0.001 -23"><span class='ocrx_word' id='word_1_368' title='bbox 252 4936 311 5021; x_wconf 88' lang='lat'>(3.)</span> <span class='ocrx_word' id='word_1_369' title='bbox 346 4938 418 5024; x_wconf 82' lang='lat' dir='ltr'>Ego</span> <span class='ocrx_word' id='word_1_370' title='bbox 434 4938 474 5003; x_wconf 90' lang='lat' dir='ltr'>N.</span> <span class='ocrx_word' id='word_1_371' title='bbox 498 4941 652 5024; x_wconf 91' lang='lat' dir='ltr'>promitto</span> <span class='ocrx_word' id='word_1_372' title='bbox 671 4943 881 5007; x_wconf 86' lang='lat' dir='ltr'>stabilitatem</span> <span class='ocrx_word' id='word_1_373' title='bbox 898 4948 931 5007; x_wconf 91' lang='lat' dir='ltr'>et</span> <span class='ocrx_word' id='word_1_374' title='bbox 947 4942 1193 5007; x_wconf 89' lang='lat' dir='ltr'>conversionem</span> <span class='ocrx_word' id='word_1_375' title='bbox 1215 4962 1340 5004; x_wconf 90' lang='lat' dir='ltr'>merum</span> <span class='ocrx_word' id='word_1_376' title='bbox 1364 4960 1508 5003; x_wconf 90' lang='lat' dir='ltr'>meorum</span> <span class='ocrx_word' id='word_1_377' title='bbox 1532 4946 1565 5002; x_wconf 90' lang='lat' dir='ltr'>et</span> <span class='ocrx_word' id='word_1_378' title='bbox 1582 4938 1801 5017; x_wconf 77' lang='lat' dir='ltr'>obedientiam</span> <span class='ocrx_word' id='word_1_379' title='bbox 1818 4939 2000 5003; x_wconf 86' lang='lat' dir='ltr'>secundum</span> 
     </span>
     <span class='ocr_line' id='line_1_38' title="bbox 143 5042 1732 5128; baseline 0.002 -24"><span class='ocrx_word' id='word_1_380' title='bbox 143 5042 290 5125; x_wconf 82' lang='lat' dir='ltr'>regulam</span> <span class='ocrx_word' id='word_1_381' title='bbox 313 5044 419 5107; x_wconf 91' lang='lat' dir='ltr'>sancti</span> <span class='ocrx_word' id='word_1_382' title='bbox 442 5043 612 5109; x_wconf 87' lang='lat' dir='ltr'>Benedicti</span> <span class='ocrx_word' id='word_1_383' title='bbox 636 5044 767 5111; x_wconf 88' lang='lat' dir='ltr'>abbatis</span> <span class='ocrx_word' id='word_1_384' title='bbox 792 5069 901 5112; x_wconf 89' lang='lat' dir='ltr'>coram</span> <span class='ocrx_word' id='word_1_385' title='bbox 925 5047 986 5111; x_wconf 91' lang='lat' dir='ltr'>deo</span> <span class='ocrx_word' id='word_1_386' title='bbox 1011 5052 1044 5111; x_wconf 92' lang='lat' dir='ltr'>et</span> <span class='ocrx_word' id='word_1_387' title='bbox 1067 5046 1187 5109; x_wconf 89' lang='lat' dir='ltr'>sanctis</span> <span class='ocrx_word' id='word_1_388' title='bbox 1211 5045 1281 5109; x_wconf 87' lang='lat' dir='ltr'>eius</span> <span class='ocrx_word' id='word_1_389' title='bbox 1306 5051 1339 5109; x_wconf 89' lang='lat' dir='ltr'>et</span> <span class='ocrx_word' id='word_1_390' title='bbox 1361 5047 1513 5128; x_wconf 89' lang='lat' dir='ltr'>presente</span> <span class='ocrx_word' id='word_1_391' title='bbox 1537 5042 1578 5106; x_wconf 90' lang='lat' dir='ltr'>N.</span> <span class='ocrx_word' id='word_1_392' title='bbox 1601 5042 1732 5107; x_wconf 89' lang='lat' dir='ltr'>abbate.</span> 
     </span>
    </p>
   </div>
   <div class='ocr_carea' id='block_1_12' title="bbox 247 5183 1851 5194">
    <p class='ocr_par' dir='ltr' id='par_1_13' title="bbox 247 5183 1851 5194">
     <span class='ocr_line' id='line_1_39' title="bbox 247 5183 1851 5194; baseline -0.002 -2"><span class='ocrx_word' id='word_1_393' title='bbox 247 5185 412 5191; x_wconf 58' lang='grc'>-----,.</span> <span class='ocrx_word' id='word_1_394' title='bbox 438 5185 555 5191; x_wconf 70' lang='grc'>.-...-..</span> <span class='ocrx_word' id='word_1_395' title='bbox 566 5186 612 5192; x_wconf 82' lang='lat'>—.</span> <span class='ocrx_word' id='word_1_396' title='bbox 620 5183 1713 5194; x_wconf 47' lang='lat' dir='ltr'>ffl--ffl———m-—x———</span> <span class='ocrx_word' id='word_1_397' title='bbox 1721 5183 1851 5189; x_wconf 77' lang='grc'><em>---.-.-</em></span> 
     </span>
    </p>
   </div>
   <div class='ocr_carea' id='block_1_13' title="bbox 248 5272 2002 5380">
    <p class='ocr_par' dir='ltr' id='par_1_14' title="bbox 248 5272 2002 5380">
     <span class='ocr_line' id='line_1_40' title="bbox 248 5272 2002 5380; baseline 0.001 -18"><span class='ocrx_word' id='word_1_398' title='bbox 248 5313 367 5379; x_wconf 83' lang='lat' dir='ltr'>llapsus</span> <span class='ocrx_word' id='word_1_399' title='bbox 385 5331 397 5362; x_wconf 83' lang='lat' dir='ltr'>a</span> <span class='ocrx_word' id='word_1_400' title='bbox 415 5330 482 5363; x_wconf 81' lang='lat' dir='ltr'>crac.</span> <span class='ocrx_word' id='word_1_401' title='bbox 612 5317 743 5366; x_wconf 64' lang='lat' dir='ltr'>Memini</span> <span class='ocrx_word' id='word_1_402' title='bbox 764 5317 862 5367; x_wconf 69' lang='lat' dir='ltr'>abbatas</span> <span class='ocrx_word' id='word_1_403' title='bbox 879 5279 999 5366; x_wconf 71' lang='lat' dir='ltr'>boariae</span> <span class='ocrx_word' id='word_1_404' title='bbox 1026 5314 1225 5380; x_wconf 63' lang='lat' dir='ltr'>suprascriptum</span> <span class='ocrx_word' id='word_1_405' title='bbox 1246 5323 1282 5364; x_wconf 82' lang='lat' dir='ltr'>est</span> <span class='ocrx_word' id='word_1_406' title='bbox 1299 5272 1357 5365; x_wconf 76' lang='lat' dir='ltr'>llll.</span> <span class='ocrx_word' id='word_1_407' title='bbox 1470 5318 1501 5364; x_wconf 86' lang='grc'>10</span> <span class='ocrx_word' id='word_1_408' title='bbox 1518 5331 1550 5364; x_wconf 88' lang='lat' dir='ltr'>cx</span> <span class='ocrx_word' id='word_1_409' title='bbox 1567 5305 1628 5365; x_wconf 86' lang='lat' dir='ltr'>frlb&#39;</span> <span class='ocrx_word' id='word_1_410' title='bbox 1648 5314 1677 5363; x_wconf 83' lang='lat' dir='ltr'>ia</span> <span class='ocrx_word' id='word_1_411' title='bbox 1699 5329 1751 5362; x_wconf 82' lang='lat' dir='ltr'>rac.</span> <span class='ocrx_word' id='word_1_412' title='bbox 1862 5314 1896 5362; x_wconf 80' lang='lat'>26</span> <span class='ocrx_word' id='word_1_413' title='bbox 1913 5311 2002 5363; x_wconf 72' lang='lat' dir='ltr'>cadem</span> 
     </span>
    </p>
   </div>
   <div class='ocr_carea' id='block_1_14' title="bbox 154 5380 160 5390">
    <p class='ocr_par' dir='ltr' id='par_1_15' title="bbox 154 5380 160 5390">
     <span class='ocr_line' id='line_1_41' title="bbox 154 5380 160 5390; baseline 0 0"><span class='ocrx_word' id='word_1_414' title='bbox 154 5380 160 5390; x_wconf 69' lang='lat' dir='ltr'>a</span> 
     </span>
    </p>
   </div>
   <div class='ocr_carea' id='block_1_15' title="bbox 143 5381 2000 5451">
    <p class='ocr_par' dir='ltr' id='par_1_16' title="bbox 143 5381 2000 5451">
     <span class='ocr_line' id='line_1_42' title="bbox 143 5381 2000 5451; baseline 0.002 -22"><span class='ocrx_word' id='word_1_415' title='bbox 143 5382 591 5447; x_wconf 68' lang='lat' dir='ltr'>termutainpap.15⁰eod.453</span> <span class='ocrx_word' id='word_1_416' title='bbox 608 5387 716 5451; x_wconf 82' lang='lat' dir='ltr'>repetita</span> <span class='ocrx_word' id='word_1_417' title='bbox 733 5395 776 5437; x_wconf 78' lang='lat' dir='ltr'>eal.</span> <span class='ocrx_word' id='word_1_418' title='bbox 873 5387 1038 5436; x_wconf 69' lang='lat' dir='ltr'>athlante</span> <span class='ocrx_word' id='word_1_419' title='bbox 1055 5385 1132 5434; x_wconf 81' lang='lat' dir='ltr'>Xllll</span> <span class='ocrx_word' id='word_1_420' title='bbox 1151 5401 1217 5435; x_wconf 82' lang='lat' dir='ltr'>crea</span> <span class='ocrx_word' id='word_1_421' title='bbox 1318 5387 1352 5433; x_wconf 81' lang='lat'>29</span> <span class='ocrx_word' id='word_1_422' title='bbox 1370 5382 1438 5433; x_wconf 81' lang='lat' dir='ltr'>aliua</span> <span class='ocrx_word' id='word_1_423' title='bbox 1455 5385 1565 5450; x_wconf 77' lang='lat' dir='ltr'>scriptor</span> <span class='ocrx_word' id='word_1_424' title='bbox 1583 5383 1677 5448; x_wconf 79' lang='lat' dir='ltr'>incipit.</span> <span class='ocrx_word' id='word_1_425' title='bbox 1775 5383 1809 5430; x_wconf 75' lang='lat'>34</span> <span class='ocrx_word' id='word_1_426' title='bbox 1827 5381 1883 5431; x_wconf 83' lang='lat' dir='ltr'>alia</span> <span class='ocrx_word' id='word_1_427' title='bbox 1900 5396 2000 5433; x_wconf 67' lang='lat' dir='ltr'>meum</span> 
     </span>
    </p>
   </div>
   <div class='ocr_carea' id='block_1_16' title="bbox 142 5549 2002 5824">
    <p class='ocr_par' dir='ltr' id='par_1_17' title="bbox 142 5549 2002 5824">
     <span class='ocr_line' id='line_1_43' title="bbox 246 5549 2001 5621; baseline 0.003 -19"><span class='ocrx_word' id='word_1_428' title='bbox 246 5555 262 5602; x_wconf 89' lang='lat'><strong><em>3</em></strong></span> <span class='ocrx_word' id='word_1_429' title='bbox 285 5550 427 5603; x_wconf 81' lang='lat' dir='ltr'>Goaradas</span> <span class='ocrx_word' id='word_1_430' title='bbox 453 5551 577 5618; x_wconf 62' lang='lat' dir='ltr'>archiepis.</span> <span class='ocrx_word' id='word_1_431' title='bbox 605 5553 727 5621; x_wconf 75' lang='lat' dir='ltr'>Mopaat.</span> <span class='ocrx_word' id='word_1_432' title='bbox 755 5559 927 5607; x_wconf 78' lang='lat'><strong><em>1183—1200</em></strong></span> <span class='ocrx_word' id='word_1_433' title='bbox 952 5556 1033 5605; x_wconf 80' lang='lat' dir='ltr'>antea</span> <span class='ocrx_word' id='word_1_434' title='bbox 1061 5558 1226 5606; x_wconf 85' lang='grc'><em>1177-1183</em></span> <span class='ocrx_word' id='word_1_435' title='bbox 1253 5552 1345 5604; x_wconf 81' lang='lat' dir='ltr'>Iacca</span> <span class='ocrx_word' id='word_1_436' title='bbox 1375 5549 1502 5618; x_wconf 76' lang='lat' dir='ltr'>archieps.</span> <span class='ocrx_word' id='word_1_437' title='bbox 1526 5556 1618 5619; x_wconf 82' lang='lat' dir='ltr'>postea</span> <span class='ocrx_word' id='word_1_438' title='bbox 1647 5557 1815 5604; x_wconf 78' lang='lat' dir='ltr'>varo—1217</span> <span class='ocrx_word' id='word_1_439' title='bbox 1838 5549 2001 5606; x_wconf 78' lang='lat' dir='ltr'>Subiocaaia</span> 
     </span>
     <span class='ocr_line' id='line_1_44' title="bbox 142 5615 2001 5685; baseline 0.005 -17"><span class='ocrx_word' id='word_1_440' title='bbox 142 5623 159 5668; x_wconf 78' lang='grc'><em>1</em></span> <span class='ocrx_word' id='word_1_441' title='bbox 184 5615 324 5670; x_wconf 81' lang='lat' dir='ltr'>Udatricus</span> <span class='ocrx_word' id='word_1_442' title='bbox 341 5620 398 5671; x_wconf 87' lang='lat' dir='ltr'>abb.</span> <span class='ocrx_word' id='word_1_443' title='bbox 416 5637 436 5671; x_wconf 86' lang='lat' dir='ltr'>s.</span> <span class='ocrx_word' id='word_1_444' title='bbox 457 5619 542 5685; x_wconf 81' lang='lat' dir='ltr'>Galli,</span> <span class='ocrx_word' id='word_1_445' title='bbox 564 5622 646 5673; x_wconf 58' lang='grc' dir='ltr'>ΝΜ</span> <span class='ocrx_word' id='word_1_446' title='bbox 664 5623 747 5675; x_wconf 68' lang='lat' dir='ltr'>hstias</span> <span class='ocrx_word' id='word_1_447' title='bbox 764 5621 880 5674; x_wconf 69' lang='lat' dir='ltr'>neminis</span> <span class='ocrx_word' id='word_1_448' title='bbox 899 5629 1067 5674; x_wconf 78' lang='grc'><em>1167-1199.</em></span> <span class='ocrx_word' id='word_1_449' title='bbox 1173 5630 1201 5674; x_wconf 92' lang='grc'>11</span> <span class='ocrx_word' id='word_1_450' title='bbox 1224 5621 1350 5674; x_wconf 78' lang='lat' dir='ltr'>Urbanas</span> <span class='ocrx_word' id='word_1_451' title='bbox 1368 5619 1422 5671; x_wconf 83' lang='grc' dir='ltr'>ΠΙ.</span> <span class='ocrx_word' id='word_1_452' title='bbox 1443 5628 1556 5674; x_wconf 85' lang='grc'><em>1185-</em></span> <span class='ocrx_word' id='word_1_453' title='bbox 1575 5638 1600 5672; x_wconf 86' lang='lat' dir='ltr'>a.</span> <span class='ocrx_word' id='word_1_454' title='bbox 1617 5619 1641 5672; x_wconf 84' lang='lat' dir='ltr'>d.</span> <span class='ocrx_word' id='word_1_455' title='bbox 1662 5619 1748 5671; x_wconf 83' lang='lat' dir='ltr'><strong>XIII.</strong></span> <span class='ocrx_word' id='word_1_456' title='bbox 1767 5619 1831 5672; x_wconf 76' lang='lat' dir='ltr'>Kal.</span> <span class='ocrx_word' id='word_1_457' title='bbox 1849 5620 1914 5674; x_wconf 81' lang='lat' dir='ltr'>Jao.</span> <span class='ocrx_word' id='word_1_458' title='bbox 1933 5631 2001 5677; x_wconf 83' lang='lat'>1187.</span> 
     </span>
     <span class='ocr_line' id='line_1_45' title="bbox 143 5686 2002 5824; baseline 0.004 -85"><span class='ocrx_word' id='word_1_459' title='bbox 143 5686 367 5824; x_wconf 47' lang='lat' dir='ltr'>ffipqcrpgpp</span> <span class='ocrx_word' id='word_1_460' title='bbox 388 5688 506 5757; x_wconf 76' lang='lat' dir='ltr'>Saapatl.</span> <span class='ocrx_word' id='word_1_461' title='bbox 525 5689 556 5742; x_wconf 81' lang='lat' dir='ltr'>dc</span> <span class='ocrx_word' id='word_1_462' title='bbox 576 5690 732 5748; x_wconf 73' lang='lat' dir='ltr'>Purchardi</span> <span class='ocrx_word' id='word_1_463' title='bbox 750 5690 822 5743; x_wconf 82' lang='lat' dir='ltr'>obita</span> <span class='ocrx_word' id='word_1_464' title='bbox 840 5690 993 5756; x_wconf 69' lang='lat' dir='ltr'>(Dafnemlcr</span> <span class='ocrx_word' id='word_1_465' title='bbox 1011 5695 1033 5744; x_wconf 86' lang='lat' dir='ltr'>ct</span> <span class='ocrx_word' id='word_1_466' title='bbox 1048 5690 1223 5759; x_wconf 76' lang='lat' dir='ltr'>Wartmeao,</span> <span class='ocrx_word' id='word_1_467' title='bbox 1248 5689 1337 5743; x_wconf 77' lang='lat' dir='ltr'>Mittit.</span> <span class='ocrx_word' id='word_1_468' title='bbox 1357 5688 1409 5741; x_wconf 86' lang='lat' dir='ltr'>XI</span> <span class='ocrx_word' id='word_1_469' title='bbox 1417 5705 1446 5757; x_wconf 77' lang='lat' dir='ltr'>p.</span> <span class='ocrx_word' id='word_1_470' title='bbox 1465 5694 1519 5758; x_wconf 75' lang='lat'>44).</span> <span class='ocrx_word' id='word_1_471' title='bbox 1575 5692 1586 5755; x_wconf 92' lang='grc' dir='ltr'>ΙΙ</span> <span class='ocrx_word' id='word_1_472' title='bbox 1607 5688 1639 5741; x_wconf 79' lang='lat' dir='ltr'>dc</span> <span class='ocrx_word' id='word_1_473' title='bbox 1658 5687 1814 5757; x_wconf 77' lang='lat' dir='ltr'>Liaprandi</span> <span class='ocrx_word' id='word_1_474' title='bbox 1826 5691 1911 5758; x_wconf 66' lang='lat' dir='ltr'>Jacob.</span> <span class='ocrx_word' id='word_1_475' title='bbox 1929 5692 2002 5746; x_wconf 81' lang='lat' dir='ltr'>obitu</span> 
     </span>
    </p>
   </div>
   <div class='ocr_carea' id='block_1_17' title="bbox 0 0 2258 6532">
    <p class='ocr_par' dir='ltr' id='par_1_18' title="bbox 0 0 2258 6532">
     <span class='ocr_line' id='line_1_46' title="bbox 0 0 2258 6532; baseline 0 0"><span class='ocrx_word' id='word_1_476' title='bbox 0 0 2258 6532; x_wconf 95' lang='lat' dir='ltr'> </span> 
     </span>
    </p>
   </div>
  </div>
 </body>
</html>
