4508 6532
948 458 1176 514 Paeonumu.
1831 470 1891 531 149

238 651 372 731 fortasse
394 649 489 712 etiam
511 648 693 709 377-379.
716 650 790 724 424,
804 652 920 711 0-40.
975 649 1073 714 Hum
1098 652 1280 730 scriptorem
1306 672 1371 714 reon
1386 658 1461 732 post
1482 654 1664 732 scriptorem
1685 661 1716 738 ft,
1739 656 1794 719 sed
1813 676 1892 720 non·

238 753 329 818 nulla
357 754 423 816 iam
450 756 583 830 ternpore
610 750 773 829 scriptor-ts
802 752 1022 831 ascripsisse,
1049 753 1194 833 sequitur
1222 774 1260 815 eu
1289 755 1511 832 182,1-27,
1540 777 1622 837 qruoc
1649 779 1713 822 non
1733 764 1807 838 post
1827 762 1894 823 826

238 859 357 938 scriptu
386 876 449 919 esse
464 857 610 935 possunt.
660 851 806 917 Caeterae
827 859 939 932 partes
971 854 1069 919 huius
1102 858 1279 936 scripturae
1311 877 1376 920 non
1408 863 1489 921 certo
1517 859 1561 920 ad
1587 880 1688 923 unum
1713 861 1893 941 scriptorem

240 961 352 1042 referri
368 961 513 1039 possunt.
559 954 690 1019 samua
712 977 791 1019 eura
807 978 857 1021 eos
880 959 916 1022 in
937 960 1021 1022 notis
1035 962 1155 1023 criticis
1169 961 1327 1024 adnotavi.
1346 998 1384 1006 —-
1401 960 1515 1024 Altera
1530 982 1612 1042 pars
1634 962 1707 1026 libri
1722 963 1895 1044 Anpiensis

238 1067 282 1147 (p.
300 1062 484 1145 135-164)
506 1081 553 1122 60.
569 1060 740 1121 050-900
759 1061 884 1124 ridetur
898 1062 1011 1125 eutdita
1033 1085 1105 1126 esse.
1151 1063 1226 1126 Duo
1242 1065 1412 1143 praecipui
1433 1065 1600 1144 scriptores
1622 1066 1894 1130 aninmdoertendi

238 1173 330 1232 sunt:
357 1167 386 1243 0,
412 1166 469 1245 qui
497 1163 659 1227 colummis
682 1163 873 1227 571-576.
897 1168 1085 1229 ore—590.
1117 1168 1310 1229 593-000.
1340 1169 1412 1229 602.
1441 1170 1513 1230 003.
1535 1174 1565 1231 et
1587 1192 1615 1247 ε,
1645 1171 1701 1250 qui
1724 1174 1796 1234 611.
1820 1172 1892 1233 012.

240 1270 497 1344 015-619,10.
530 1269 710 1343 021-023,
726 1269 778 1329 21.
807 1269 1041 1347 025-620,3.
1071 1274 1142 1333 030.
1172 1273 1408 1347 aea-aeds.
1438 1271 1617 1335 649--652
1643 1293 1690 1336 ca.
1715 1276 1799 1335 1080
1821 1293 1893 1336 con-

238 1376 374 1455 scripsit.
421 1371 587 1438 Plurinme
609 1374 748 1432 caeterae
769 1372 946 1450 scripturae
968 1377 1074 1436 rrotam
1098 1374 1244 1453 temporis
1266 1374 1353 1453 ipsae
1372 1395 1455 1453 prae
1476 1395 1508 1437 se
1528 1374 1646 1455 ferunt.
1689 1376 1765 1439 Non
1786 1376 1895 1439 dubito

238 1480 317 1560 qrrin
338 1483 469 1558 uterque
492 1476 528 1558 (0
550 1480 578 1537 et
602 1475 632 1555 a)
654 1473 831 1554 Aupienses
852 1474 904 1537 bic
925 1477 978 1538 sui
1000 1478 1146 1556 temporis
1167 1477 1334 1540 monachos
1355 1498 1405 1541 eos
1430 1479 1661 1558 conscripserit,
1684 1479 1741 1558 qui
1756 1479 1893 1558 promis-

237 1585 354 1646 sionem
381 1581 525 1661 fecerint,
563 1578 599 1641 id
632 1578 717 1657 quod
748 1576 895 1656 formulis
928 1600 1028 1658 supra
1059 1581 1186 1660 scriptis
1207 1581 1366 1660 moliatur
1394 1580 1448 1662 (cf.
1473 1581 1545 1644 575.
1570 1581 1657 1664 576).
1702 1581 1894 1662 Aupiensem

237 1688 336 1768 icitur
365 1685 481 1748 librum
503 1682 753 1762 promissionum
777 1687 959 1761 separatum
981 1704 1002 1745 o
1025 1682 1103 1746 libra
1125 1683 1424 1763 confraternitatum
1450 1705 1514 1747 non
1542 1685 1681 1748 eutitisse
1703 1685 1844 1749 uidemus
1865 1689 1895 1747 ct

239 1788 455 1872 &manases
485 1806 606 1867 qinom
638 1784 733 1847 libros
761 1784 908 1848 similiter
939 1788 1120 1850 coniumtos
1151 1786 1252 1866 fuisse
1280 1783 1488 1850 uerisimilius
1511 1788 1557 1866 ft.
1583 1825 1617 1833 -
1647 1788 1792 1868 Praefiai
1817 1791 1894 1852 sunt

236 1893 337 1957 codici
351 1890 508 1973 Aupiensi
523 1888 657 1969 popinis
675 1889 782 1951 9-24
806 1888 981 1952 chartaceis
1006 1889 1190 1970 inplutiuati
1210 1889 1308 1954 rotuli
1330 1889 1443 1969 quibus
1465 1889 1568 1954 obitus
1588 1890 1729 1971 fratrum
1751 1892 1893 1972 Aupren·

236 1998 323 2061 sima
344 1994 566 2059 nuntiabatur.
617 1989 696 2055 (herro
718 1991 752 2053 hi
772 2013 884 2068 ornnes,
902 1993 1046 2073 plurima
1068 1994 1234 2058 chartacea
1243 2015 1353 2075 parua
1372 1994 1616 2070 rraeuibrarueeca,
1639 2017 1655 2057 e
1663 1995 1894 2075 posterioribus

235 2099 370 2166 sacculis
391 2099 466 2180 (Χ1
472 2096 541 2173 Vm,
564 2101 593 2158 et
618 2096 652 2157 X
659 2094 747 2178 V''¹⁰,)
771 2096 837 2159 sint
864 2117 914 2159 eos
942 2097 993 2159 bic
1019 2098 1242 2178 imprimendos
1270 2119 1334 2161 non
1362 2120 1425 2161 esse
1447 2098 1602 2174 laodiceni,
1631 2100 1686 2163 sed
1712 2121 1784 2163 cum
1809 2101 1893 2163 ratio

237 2205 310 2268 beru
338 2225 377 2267 eu
407 2205 451 2266 eis
478 2205 633 2281 appareat
662 2220 727 2279 aure
751 2197 969 2278 confoederant
991 2202 1183 2265 monasteria
1208 2202 1250 2274 de
1277 2201 1363 2264 obitu
1384 2201 1525 2280 fratrum
1547 2203 1681 2266 certiora
1702 2203 1791 2282 factu
1817 2203 1892 2279 sint,

236 2308 421 2372 aeerrratius
448 2326 497 2370 eos
527 2303 708 2367 describam.
761 2301 844 2366 Sum
868 2325 989 2382 paruae
1017 2303 1182 2368 schedulae
1214 2303 1261 2367 ecl
1291 2303 1427 2368 laciniae
1457 2306 1493 2368 in
1522 2305 1637 2385 quibus
1668 2308 1893 2370 monasterium

238 2413 357 2493 ipsum,
390 2409 532 2488 defuncti
553 2405 671 2486 fratres
698 2405 744 2468 cel
769 2427 890 2470 sorores
910 2407 1032 2471 additis
1054 2408 1206 2490 dipnitate
1234 2413 1263 2471 ct
1289 2409 1340 2472 die
1366 2408 1483 2486 abacos,
1514 2414 1543 2472 et
1570 2410 1729 2475 interdum
1755 2408 1893 2489 formula

238 2517 391 2596 inscripta
418 2518 494 2577 sunt
522 2533 587 2592 qua
612 2531 721 2589 preces
737 2531 801 2589 pro
822 2511 957 2575 renudio
979 2513 1162 2575 auiumrum
1177 2512 1369 2591 petebantur
1391 2512 1443 2593 (ut
1464 2512 1496 2576 A
1518 2515 1559 2576 2:
1591 2520 1682 2578 orate
1705 2535 1763 2600 pro
1786 2512 1893 2589 nobis,

237 2619 271 2684 D
285 2624 322 2683 3:
346 2624 436 2683 orate
456 2636 514 2702 pro
531 2637 581 2695 ea,
605 2614 636 2676 A
652 2618 694 2675 3:
718 2634 853 2696 quorum
878 2613 985 2679 obitus
1010 2616 1035 2678 si
1059 2615 1203 2679 nondum
1225 2617 1332 2680 forent
1348 2615 1447 2679 delati
1465 2616 1506 2679 ad
1524 2624 1650 2681 vestras
1672 2618 1893 2704 proprietates

237 2745 295 2810 pro
318 2744 403 2786 nune
427 2742 486 2807 per
510 2725 693 2805 presentem
719 2718 937 2781 notiffieamns
962 2725 995 2783 et
1018 2721 1144 2784 animas
1168 2741 1279 2784 eorum
1304 2720 1421 2785 vestris
1442 2721 1707 2785 commendamus
1730 2720 1892 2785 memoriis

237 2833 271 2891 et
304 2827 445 2911 petimus
482 2823 615 2887 eosdem
653 2822 799 2884 annotari
831 2827 938 2885 vestro
974 2822 1152 2908 kathalogo
1184 2824 1316 2887 annuali
1352 2824 1506 2908 obligatis
1536 2846 1611 2906 nos,
1648 2822 1730 2889 01:
1756 2844 1893 2910 quorum

237 2931 360 2994 animas
384 2929 502 2994 vestris
535 2926 661 2991 devotis
692 2924 958 2988 commendamus
990 2927 1192 2990 orationibus
1215 2928 1295 3009 cha).
1341 2927 1503 2992 Numerus
1531 2928 1751 3007 defunctorum
1780 2927 1836 3007 qui
1858 2926 1894 2989 in

236 3032 295 3096 tali
309 3032 411 3096 rotulo
426 3028 692 3103 cornuumlantrer,
716 3027 827 3090 itarius
849 3032 902 3102 est,
927 3047 997 3089 arou
1019 3049 1105 3091 unm
1120 3034 1245 3092 mutum
1260 3029 1312 3110 (ut
1328 3029 1362 3094 D
1378 3035 1407 3106 1,
1423 3030 1458 3094 D
1471 3033 1503 3109 2,
1519 3029 1553 3094 D
1567 3034 1597 3108 3,
1613 3031 1648 3095 1)
1661 3034 1682 3093 4
1697 3034 1727 3094 ct
1741 3030 1892 3113 sunum),

235 3155 307 3200 mou
324 3136 434 3217 plures
456 3134 573 3215 (decern
595 3133 631 3195 iu
653 3131 688 3193 E
699 3133 734 3205 2,
763 3130 909 3193 rrmleeim
931 3131 966 3193 iu
989 3131 1021 3193 A
1038 3135 1070 3208 1,
1092 3153 1147 3195 see
1169 3133 1204 3196 in
1226 3133 1258 3195 A
1274 3134 1318 3215 3).
1364 3132 1499 3213 Sanmites
1520 3133 1663 3213 rbfrerrcti
1685 3132 1893 3213 conrplurium

235 3261 393 3305 emiorum
422 3241 458 3304 in
484 3259 552 3302 uno
578 3233 727 3300 schedula
756 3235 953 3299 nuntiantur
982 3235 1034 3317 (nt
1060 3235 1092 3298 A
1107 3239 1137 3311 3,
1159 3235 1194 3298 E
1206 3238 1242 3318 2)
1264 3256 1363 3317 neqrre
1391 3241 1516 3300 tantum
1536 3237 1682 3300 nemrachi
1702 3241 1732 3299 et
1754 3236 1894 3300 conversi
1983 3221 1984 3225 ¹

234 3346 282 3408 ita
304 3343 561 3408 conrnumlantur
582 3340 636 3403 sed
658 3339 754 3402 etiam
781 3337 933 3403 rrmrriales
954 3339 1121 3402 unitim
1142 3339 1195 3420 (ut
1210 3340 1242 3402 A
1259 3341 1302 3421 1),
1325 3339 1503 3420 familiares
1529 3341 1713 3405 mormsterii
1734 3341 1785 3422 (ut
1800 3338 1834 3403 B
1850 3340 1893 3420 1),

235 3447 294 3511 alii
315 3468 435 3529 quoque
457 3444 533 3508 laici
555 3445 607 3525 (ut
629 3442 663 3505 B
676 3444 707 3518 2,
731 3442 765 3505 Ε
779 3442 817 3524 2)
839 3446 869 3504 et
891 3441 991 3504 laicae
1013 3441 1065 3523 (ut
1086 3441 1120 3504 B
1133 3443 1179 3524 2).
1225 3440 1360 3522 Scopinas
1387 3443 1500 3507 addita
1527 3449 1572 3507 est
1599 3442 1738 3523 formula
1762 3450 1816 3524 „et
1839 3442 1894 3506 alii

236 3552 332 3615 amici
362 3550 541 3615 confratres
566 3554 599 3611 et
623 3535 864 3609 confamiliares
888 3545 1012 3609 06061ί
1036 3544 1086 3626 (Ε
1097 3546 1134 3627 2)
1156 3544 1203 3608 uel
1230 3552 1284 3624 „et
1317 3546 1373 3610 alii
1396 3546 1572 3612 familiares
1596 3548 1719 3612 nostri“
1742 3547 1794 3610 (nt
1816 3545 1852 3609 E
1864 3546 1893 3623 5,

240 3653 314 3738 04)
335 3655 383 3718 ita
410 3659 447 3717 ut
473 3652 603 3715 nomina
631 3651 702 3730 ipsa
728 3647 941 3728 familiarium
969 3649 1164 3713 emittantur.
1217 3649 1340 3714 Rarius
1370 3651 1503 3715 additus
1524 3657 1569 3715 ost
1586 3651 1697 3715 'anneus
1718 3650 1822 3714 obitus
1842 3654 1895 3734 (nt

202 3757 205 3763 ’
240 3757 269 3824 G
275 3762 312 3821 3:
328 3759 436 3840 1499).
472 3757 514 3819 In
536 3755 639 3818 codice
655 3754 734 3815 istae
750 3751 887 3815 laciniae
901 3752 1074 3816 secundum
1089 3754 1230 3818 ordirrcm
1245 3753 1425 3820 litterarum
1441 3755 1618 3820 initiabam
1632 3756 1894 3820 umnasteriorum

236 3862 404 3942 (limositae
434 3866 463 3924 ct
484 3861 636 3939 cuiusque
659 3856 780 3921 litterae
802 3856 968 3920 schedulae
990 3857 1073 3920 inter
1095 3879 1127 3920 se
1150 3865 1333 3923 numeratae
1363 3865 1449 3924 ment.
1494 3860 1584 3924 Haec
1604 3865 1681 3923 sunt
1701 3859 1894 3923 monasteria

235 3987 369 4047 qumum
391 3964 488 4029 rotrdi
510 3965 558 4026 itu
580 3962 734 4025 asservati
762 3965 856 4024 sunt:
886 3964 914 4022 1.
938 3960 1079 4025 Admont
1100 3962 1166 4025 ord.
1191 3961 1222 4026 S.
1246 3962 1364 4027 Bened.
1389 3964 1483 4028 dioec.
1507 3963 1679 4045 Srdrpurc,
1700 3963 1842 4028 monach.
1866 3968 1896 4027 et

235 4069 363 4134 inoniul.
375 4070 442 4152 (2);
463 4072 494 4131 2.
510 4066 633 4130 Altoha
647 4064 791 4144 inferior,
807 4084 890 4127 mon.
905 4064 965 4127 scti
976 4063 1214 4148 Mauriciif2);
1235 4069 1265 4128 3.
1281 4066 1404 4130 Altalm
1418 4067 1641 4150 superior(1);
1662 4071 1692 4129 4.
1709 4066 1896 4150 Altorf(1),·

238 4175 266 4236 5.
284 4174 392 4255 Aupia
414 4172 518 4234 minor
539 4170 607 4252 (2);
630 4173 658 4231 6.
675 4166 844 4231 Bebenhus
866 4167 931 4230 ord.
953 4165 1029 4232 Cist.
1050 4166 1211 4232 Constant.
1228 4169 1321 4233 dioec.
1338 4170 1405 4253 (1);
1429 4176 1457 4236 7.
1474 4170 1631 4254 Burpelin
1651 4170 1716 4234 ord.
1732 4168 1758 4234 s.
1774 4169 1894 4234 Bened.

237 4277 425 4357 Numnbcre.
450 4275 544 4338 dioec.
568 4273 635 4356 (1);
656 4274 686 4335 8.
708 4270 836 4351 Capella
858 4271 924 4335 ord.
946 4269 1069 4336 Cistert.
1091 4273 1126 4354 (1
1122 4275 1158 4356 ),·
1181 4273 1210 4335 9.
1234 4294 1314 4336 raon.
1338 4295 1362 4337 s.
1380 4273 1470 4338 Petri
1490 4275 1527 4338 in
1545 4273 1677 4340 Castello
1693 4273 1758 4338 ord.
1774 4272 1894 4337 Bened.

237 4380 359 4443 Eicbst.
383 4380 478 4444 dioec.
502 4378 569 4461 (2);
592 4378 642 4439 10.
665 4396 746 4440 ruou.
770 4396 795 4438 s.
817 4373 1005 4440 Catherinoe
1032 4374 1154 4441 Cistcrt.
1177 4377 1243 4440 ord.
1266 4376 1453 4442 mon-iidium
1474 4378 1541 4462 (1);
1571 4383 1620 4441 11.
1649 4376 1734 4443 0600
1755 4377 1807 4440 dei
1828 4377 1897 4459 (1);

239 4486 288 4547 12.
312 4483 476 4565 Dyrstein,
498 4479 685 4544 monialium
708 4479 776 4562 (4),·
799 4483 848 4542 13.
872 4478 1020 4543 Ebbrach
1044 4481 1113 4563 (1);
1135 4484 1185 4543 14.
1208 4501 1289 4544 mon.
1312 4502 1336 4543 s.
1354 4480 1534 4546 Sebastmni
1554 4483 1706 4565 martyris
1727 4482 1764 4544 in
1778 4479 1895 4543 Ebers-

232 4608 311 4669 perp
332 4587 400 4670 (1);
423 4586 473 4648 15.
496 4605 577 4647 mon
600 4605 624 4646 s.
648 4583 756 4646 Iacobi
777 4582 911 4663 apostoli
932 4583 968 4646 in
984 4583 1144 4662 Ensdorff
1163 4585 1228 4648 ord.
1252 4606 1276 4647 s.
1300 4583 1419 4648 Bened.
1447 4584 1509 4649 ea.
1534 4586 1627 4650 dioec.
1650 4586 1717 4668 (1);
1740 4587 1790 4647 16.
1813 4605 1894 4648 mon.

238 4691 440 4772 Epsserulorp
463 4689 527 4751 ord.
548 4686 671 4753 Cistert.
694 4684 798 4751 Gelon
821 4687 916 4750 dioec.
933 4686 1120 4750 monialium
1135 4688 1205 4769 (1);
1227 4692 1277 4750 17.
1292 4687 1509 4768 Epternacum
1531 4690 1596 4752 ord.
1611 4710 1636 4752 s.
1652 4688 1819 4753 Benedicti
1830 4689 1897 4772 (1);

240 4798 288 4857 18.
314 4794 407 4857 Folia
423 4797 520 4873 porta
542 4794 613 4874 (1);
637 4793 686 4853 19.
711 4789 971 4871 Frundilinphen
993 4791 1058 4854 ord.
1087 4789 1163 4855 Uist.
1186 4792 1253 4874 (2),·
1274 4793 1326 4854 20.
1343 4791 1452 4856 Fulda
1467 4793 1536 4876 (8),·
1557 4796 1610 4857 21.
1632 4814 1714 4858 mon.
1732 4792 1763 4859 S.
1779 4794 1897 4876 Mapni

238 4900 275 4961 in
295 4897 443 4978 fracibus
466 4894 598 4975 Alpium
622 4895 687 4958 ord.
704 4893 824 4958 Bened.
842 4894 943 4976 iared
968 4895 1062 4958 dioec.
1078 4896 1147 4978 (1);
1167 4897 1219 4958 22.
1246 4895 1448 4976 Geuperrbacb
1465 4897 1532 4979 (1);
1553 4899 1605 4960 23.
1627 4919 1708 4962 mon.
1725 4919 1749 4960 s.
1769 4898 1897 4979 Georpii

238 5002 303 5064 ord.
327 5024 351 5063 s.
376 5000 494 5064 Bened.
512 4999 581 5081 (1);
602 5003 654 5065 23.
675 4997 904 5080 Gerstunfycn)
926 4998 997 5080 (2);
1018 5001 1070 5062 24.
1091 4998 1229 5063 (irarum
1250 4999 1390 5080 rumlorp
1413 5000 1478 5063 ord.
1499 4999 1575 5064 (list.
1596 5001 1699 5066 Calon.
1716 5001 1810 5064 dioec.
1827 5003 1896 5083 (2);

237 5107 289 5168 25.
313 5127 392 5168 aron.
416 5128 441 5168 s.
462 5106 606 5186 aripuit
630 5103 696 5165 ord.
716 5122 741 5164 s.
757 5101 877 5165 Bened.
895 5101 967 5183 (1);
988 5103 1040 5164 25.
1068 5101 1255 5165 Gnatustal
1276 5102 1464 5167 amaneu
1485 5106 1552 5187 (1);
1573 5107 1624 5169 20.
1648 5125 1729 5169 neon.
1747 5126 1789 5167 ss.
1807 5103 1897 5167 Petri

238 5214 268 5270 et
280 5208 379 5272 Perdi
393 5208 603 5288 apostolorum
618 5208 654 5270 in
665 5206 843 5287 Hasunpen
859 5206 925 5269 ord.
938 5227 962 5268 s.
973 5205 1092 5269 Bened.
1105 5206 1172 5289 (2);
1186 5209 1238 5270 27.
1253 5205 1464 5287 116006νο061-
1474 5208 1539 5271 6νο.
1557 5207 1631 5273 Oist.
1649 5206 1711 5272 ou.
1725 5208 1819 5271 dioec.
1829 5207 1896 5288 (4);

238 5316 289 5376 28.
314 5312 703 5394 1100060606(1);29.
728 5309 925 5391 Hirssaupia
947 5311 1014 5392 (1);
1040 5312 1092 5372 30.
1116 5310 1252 5373 chcu?
1274 5309 1325 5392 (1)
1332 5330 1344 5387 ;
1370 5314 1421 5374 31.
1445 5311 1607 5375 Loesloci?
1628 5333 1653 5374 s.
1677 5310 1808 5374 Mariae
1829 5311 1895 5373 ord.

244 5417 318 5481 Cist.
347 5416 409 5479 Col.
442 5417 536 5481 dioec.
560 5417 627 5498 (1);
664 5418 716 5480 32.
746 5415 948 5496 Lanpentrcn
982 5415 1048 5478 ord.
1083 5436 1107 5477 s.
1137 5414 1220 5497 Auo.
1250 5435 1360 5479 conon.
1389 5415 1484 5498 repul.
1514 5414 1674 5495 Herbipol.
1702 5414 1796 5477 dioec.
1826 5413 1896 5496 (1);

239 5520 476 5601 33100066
503 5522 572 5602 (1);
598 5518 869 5599 3411660096
896 5518 962 5582 ord.
986 5516 1106 5582 Bened.
1130 5517 1295 5599 Bamberp.
1324 5519 1418 5583 dioec.
1449 5520 1516 5602 (1);
1550 5522 1602 5581 35.
1625 5516 1807 5580 Maristella
1828 5517 1898 5599 (1);

240 5626 290 5684 30.
315 5622 332 5684 ‚9
354 5623 421 5705 (1);
451 5627 502 5686 37.
527 5645 606 5687 orion.
636 5645 660 5686 s.
689 5620 860 5685 Michaelis
888 5623 924 5684 in
946 5621 1131 5702 Sipenberph
1163 5623 1229 5684 orel.
1252 5644 1276 5684 s.
1305 5621 1386 5686 Bon.
1420 5621 1482 5687 Col.
1512 5623 1606 5685 (lione.
1633 5621 1698 5702 (0),·
1731 5623 1783 5684 38.
1806 5621 1896 5686 Mul·

242 5726 325 5788 hrun
340 5728 406 5808 (8)·
429 5730 480 5789 80.
497 5728 780 5791 Menneu-numan·
794 5726 863 5806 (1);
885 5729 937 5788 40.
953 5746 1035 5788 iicon.
1058 5747 1083 5787 s.
1100 5724 1285 5805 Marparctc
1306 5725 1382 5806 airy.
1399 5726 1436 5788 in
1454 5724 1644 5789 Ostcrhouen
1658 5722 1725 5806 (1);
1746 5728 1798 5787 41.
1814 5746 1896 5789 orion.
