4508 6532
367 1845 485 1941 Oodec
506 1875 805 1957 confraternitatum
819 1875 1066 1940 Fabameusium
1089 1881 1190 1959 (nunc
1213 1879 1250 1943 in
1263 1880 1424 1945 chartario
1441 1881 1640 1965 Sanqatlensi
1661 1886 1731 1949 siue
1750 1888 1896 1970 numero)

240 1984 374 2047 minoris
396 1981 497 2063 pretii
524 1985 569 2044 cst
592 1979 791 2062 &inquilensi
817 1984 846 2042 et
868 1979 1024 2060 Auqiensi
1051 1981 1135 2060 quad
1161 1983 1284 2062 copiam
1311 1985 1474 2048 nominum
1503 1988 1631 2064 attinet,
1662 1989 1718 2050 sed
1745 1988 1896 2070 intentior

241 2092 383 2149 seruatus
411 2091 465 2149 est.
524 2082 626 2148 Oodea
653 2083 906 2147 nundranaccus
935 2089 979 2146 cst
1006 2083 1111 2164 fornia
1139 2085 1281 2148 nmaimu
1309 2088 1421 2169 (0‚326
1450 2094 1480 2152 et
1510 2092 1605 2166 0,217
1626 2093 1692 2174 m).
1751 2089 1896 2156 Continet

242 2194 270 2253 1.
293 2212 394 2254 unum
419 2189 600 2271 quinionem
621 2189 671 2269 (p.
696 2188 817 2268 1-18)
838 2189 931 2251 cuius
952 2187 1100 2252 ultimum
1125 2188 1239 2268 fotium
1266 2196 1417 2255 resectum
1445 2198 1508 2271 cst;
1529 2195 1560 2257 2.
1588 2193 1702 2272 folium
1734 2194 1896 2276 sinautem

239 2295 289 2374 (p.
307 2295 356 2356 19.
367 2295 426 2376 20)
432 2313 443 2370 ,·
464 2294 494 2355 3.
512 2292 590 2355 duos
604 2291 826 2371 qrraternimres
841 2291 889 2372 (p.
904 2292 1066 2373 21-52),·
1087 2294 1117 2354 4.
1132 2293 1303 2357 termimum
1316 2294 1367 2377 (p.
1386 2296 1547 2378 53-64);
1570 2297 1598 2359 5.
1616 2303 1756 2377 quotum·
1769 2304 1894 2378 quater-

239 2397 361 2472 niones,
389 2416 522 2476 atrorum
549 2394 680 2458 secundi
700 2393 814 2472 folium
836 2393 971 2458 admum
998 2393 1087 2476 (ante
1102 2416 1139 2474 p.
1157 2397 1215 2478 83)
1236 2402 1388 2461 resectam
1415 2404 1460 2462 est
1480 2399 1531 2480 (p.
1556 2400 1739 2483 65-126);
1762 2404 1791 2464 6.
1816 2403 1895 2466 dues

239 2500 419 2578 quiniones,
448 2518 583 2578 quorum
601 2497 726 2578 prior-is
750 2498 895 2578 primum
930 2496 1044 2575 folium
1079 2499 1168 2580 (unte
1189 2521 1225 2579 p.
1252 2502 1331 2582 127)
1363 2507 1514 2566 resectum
1544 2508 1588 2566 est
1608 2504 1659 2585 (p.
1685 2507 1749 2568 127
1755 2508 1895 2589 -104);

240 2605 269 2664 7.
287 2603 459 2665 ternionem
480 2602 573 2665 cuius
586 2599 699 2680 fotium
713 2605 865 2681 quartum
879 2601 1005 2663 omnino
1019 2601 1101 2663 deest
1117 2606 1146 2663 et
1160 2602 1243 2665 secti
1252 2623 1336 2681 pars
1357 2603 1492 2685 inferior
1513 2611 1631 2669 resecta
1653 2613 1697 2669 cst
1719 2607 1770 2688 (p.
1787 2609 1850 2670 165
1855 2645 1892 2654 -

240 2708 335 2788 174),·
361 2707 391 2767 8.
422 2704 577 2768 oinimnem
609 2704 681 2784 (mr.
704 2704 906 2786 175-178),
937 2704 1030 2767 cuius
1058 2703 1193 2768 atterum
1222 2704 1335 2785 folium
1366 2712 1395 2770 ct
1422 2714 1573 2789 quartum
1594 2710 1716 2774 desunt.
1738 2699 1741 2703 ⁵
1762 2711 1805 2774 In
1830 2713 1894 2791 fine

239 2809 354 2872 codicis
385 2807 609 2872 nonnullorum
635 2806 785 2886 fotiomrm
816 2812 1003 2870 resectorum
1030 2808 1159 2888 uest-teia
1189 2814 1323 2873 exstant.
1380 2810 1622 2892 Coriqlrdinatus
1659 2818 1704 2876 cst
1736 2815 1832 2877 codem
1865 2821 1894 2877 ct

238 2918 412 2993 teyumcnto
439 2935 455 2974 e
485 2911 568 2992 tiano
598 2916 626 2973 ct
653 2911 737 2974 corio
767 2908 854 2989 facto
881 2911 1036 2987 munitus,
1060 2912 1144 2991 qrrod
1164 2911 1271 2991 fibulis
1293 2914 1418 2978 duabus
1443 2914 1613 2978 clauditur.
1650 2917 1893 2997 Inscriptionem

231 3021 343 3095 portat
374 3015 458 3079 itanc
491 3035 591 3078 mauu
621 3014 790 3076 recentiore
822 3013 1010 3092 confectam:
1044 3015 1075 3077 in
1106 3015 1169 3078 isto
1206 3023 1292 3079 tomo
1329 3019 1537 3082 continentur
1571 3019 1720 3083 vinorum
1743 3042 1890 3085 necnon

238 3120 464 3184 defunctorum
487 3118 733 3184 benefactorum
756 3119 887 3181 nomina
901 3140 921 3181 a
937 3139 1000 3203 quo
1016 3117 1099 3181 liber
1114 3120 1294 3183 viventium
1310 3120 1416 3185 dictus
1437 3119 1494 3202 (cf.
1506 3120 1626 3184 Archiv
1640 3122 1705 3198 IX,
1721 3123 1785 3185 956
1799 3127 1889 3206 sqq).

237 3223 451 3306 Apoqraptron
482 3221 781 3302 amfraternitatum
809 3242 910 3284 rnanu
937 3221 1065 3303 Accidit
1095 3221 1241 3305 Tsciiudu
1268 3225 1421 3304 scriptum
1441 3224 1478 3287 in
1504 3224 1665 3288 chartario
1693 3225 1892 3307 Sanyaliensi

236 3333 338 3391 castet
363 3328 553 3413 inserentium
579 3324 786 3389 Miscellaneu
811 3325 964 3389 historica
988 3327 1081 3407 (sien.
1114 3325 1186 3389 VII.
1210 3329 1241 3388 4.
1263 3326 1343 3409 foi),
1366 3327 1440 3390 inde
1461 3347 1483 3388 a
1498 3348 1534 3407 p.
1564 3331 1606 3390 03
1628 3350 1727 3409 usque
1748 3330 1793 3392 ad
1816 3334 1889 3394 111.

241 3430 343 3495 Coma
370 3437 509 3512 quatuor
538 3429 701 3510 umnqetia
729 3428 880 3505 continet,
910 3449 1044 3510 qumum
1070 3429 1206 3510 sinentis
1234 3430 1307 3493 bene
1327 3431 1420 3510 picta
1453 3429 1719 3512 ermnqdistarum
1750 3433 1891 3514 insianiu

235 3536 326 3617 (tos,
349 3535 492 3616 sinucius,
526 3533 570 3598 leo
593 3539 622 3596 et
643 3532 769 3616 aquito)
785 3533 967 3612 praemissa
988 3538 1072 3597 sunt.
1119 3532 1209 3596 Inter
1229 3533 1358 3615 sinuato
1385 3531 1550 3614 umnqelia
1580 3553 1636 3596 uec
1665 3554 1731 3597 nou
1761 3541 1836 3598 ante
1862 3543 1891 3599 et

229 3645 303 3718 post
338 3659 376 3702 eu
406 3637 681 3718 confraternitates
719 3637 849 3701 additae
881 3642 966 3700 sunt.
1020 3636 1161 3699 Nomina
1197 3637 1242 3700 od
1261 3635 1502 3700 similitudinem
1532 3634 1787 3716 Sanyallensium
1817 3639 1891 3703 benc

229 3744 328 3822 uictis
349 3742 510 3820 columnis,
532 3763 613 3822 quae
639 3740 776 3804 arcubus
800 3741 1045 3822 coniunquntur,
1068 3738 1194 3802 inclusa
1221 3746 1305 3804 sunt.
1351 3739 1540 3804 Nominibus
1561 3738 1668 3816 rotuli,
1692 3741 1888 3821 traditiones,

235 3845 386 3910 librorum
408 3852 437 3909 et
458 3845 632 3909 socratium
654 3843 789 3925 cuidem
810 3849 839 3907 et
861 3842 929 3906 atur
952 3864 1032 3924 quae
1054 3844 1097 3905 ad
1112 3844 1296 3906 monosterii
1304 3843 1517 3923 possessiones
1538 3847 1680 3923 spectant
1702 3844 1889 3910 intermixta

234 3956 318 4014 sunt.
365 3950 433 4014 Hoc
456 3957 501 4014 est
529 3955 749 4031 arcumentum
770 3947 905 4012 codicis:
933 3952 962 4009 1.
988 3947 1187 4028 Po99.1-3
1209 3946 1433 4028 Reliquiurum
1463 3951 1493 4009 et
1522 3944 1673 4010 librorum
1706 3947 1890 4014 thesaurum

234 4054 459 4118 Fabariensem
489 4054 648 4117 continent
673 4051 728 4134 (cf.
752 4051 836 4132 App.
860 4051 901 4114 A.
929 4057 958 4114 et
980 4050 1022 4128 B,
1050 4054 1088 4127 8;
1114 4055 1282 4131 praeterea
1308 4049 1368 4114 rt.
1391 4071 1419 4113 o.
1443 4049 1549 4127 Mater,
1583 4050 1633 4114 die
1655 4049 1808 4132 Reyestcn
1835 4054 1891 4119 der

234 4158 369 4222 Archiae
391 4159 447 4222 der
467 4155 737 4221 sciencieerisctren
758 4153 1084 4236 Eidaenossensctraft.
1118 4154 1146 4216 Ι.
1168 4150 1264 4217 Girur.
1283 4154 1377 4220 1851.
1409 4153 1503 4217 Abte.
1523 4152 1577 4230 VI,
1596 4174 1663 4217 cur.
1688 4152 1721 4219 O.
1743 4154 1889 4238 Weqeiin.

238 4260 333 4325 Ciam.
351 4263 435 4324 1850
450 4284 486 4342 p.
502 4264 523 4323 8
545 4282 595 4324 no.
611 4263 672 4336 43;
694 4259 732 4322 de
753 4257 843 4322 libris
865 4257 928 4322 lta.
951 4279 978 4321 o.
1003 4257 1085 4334 Aru,
1112 4256 1317 4320 Gesctiichten
1339 4257 1392 4320 des
1407 4256 1557 4320 Kantons
1580 4255 1625 4321 St.
1645 4257 1759 4323 Galten
1773 4260 1802 4338 I,
1814 4263 1888 4324 294.

233 4365 405 4447 Birlimrer,
433 4365 583 4429 Zeitschr.
615 4364 639 4443 f.
669 4363 829 4426 deutsctaes
857 4361 970 4426 Atrert.
995 4361 1071 4438 XV,
1095 4362 1158 4432 512
1177 4363 1247 4444 su).
1281 4363 1312 4424 2.
1330 4365 1443 4442 paud
1466 4361 1568 4441 imaue
1592 4360 1755 4424 Matthaei
1777 4384 1888 4446 enanu

233 4475 262 4532 et
283 4469 396 4532 charta
418 4470 455 4533 de
471 4470 640 4533 donatione
654 4468 809 4547 mancipii
825 4488 887 4547 per
900 4465 1075 4548 Eyilolfum
1096 4466 1133 4529 de
1148 4463 1308 4544 Montfort
1321 4485 1351 4528 a.
1367 4466 1453 4529 1272
1473 4463 1587 4546 (Mota
1609 4463 1629 4529 t.
1652 4485 1677 4527 c.
1697 4466 1771 4543 Ι,0,
1780 4489 1819 4547 p.
1838 4472 1888 4532 17.

231 4595 263 4635 u.
288 4575 353 4656 94).
399 4578 430 4636 3.
446 4593 541 4654 paea.
566 4573 683 4636 5-20
706 4570 868 4633 Matthaei
890 4569 1088 4652 mmnqctium
1110 4591 1209 4650 resque
1231 4569 1275 4631 ad
1288 4567 1398 4632 uerna:
1421 4566 1464 4631 Et
1489 4589 1566 4630 ecce
1584 4590 1646 4650 ego
1664 4568 1799 4633 uobisel'r
1816 4592 1888 4635 sum

232 4677 380 4740 omnibus
396 4676 511 4741 diebus
528 4697 629 4760 usqne
646 4673 687 4737 ad
704 4674 985 4737 consumationem
1008 4674 1111 4753 seculi
1132 4674 1172 4754 (c.
1195 4675 1248 4748 28,
1270 4673 1337 4754 20).
1390 4674 1420 4733 4.
1438 4690 1532 4751 naqa.
1556 4672 1598 4733 21
1611 4673 1694 4734 -28
1715 4671 1888 4752 confrater-

230 4780 346 4842 nitates
374 4780 462 4860 (III,
486 4780 629 4860 1-16).
674 4778 702 4839 5.
725 4798 802 4858 paq.
824 4778 868 4840 29
896 4777 979 4840 auae
1001 4776 1135 4852 tabulae
1160 4777 1255 4856 prim
1281 4773 1314 4840 0.
1340 4774 1462 4837 abbatis
1484 4778 1513 4835 ct
1535 4771 1567 4835 S.
1584 4771 1717 4852 plebani
1739 4775 1777 4838 de
1809 4776 1889 4842 Vates

231 4903 261 4945 a.
286 4885 382 4959 1200,
406 4883 580 4961 incinriens:
607 4879 688 4944 Tam
711 4881 828 4944 futuris
851 4901 948 4965 quam
972 4878 1200 4965 praesentibus
1225 4886 1347 4959 notum,
1371 4897 1443 4940 cum
1464 4875 1514 4937 his
1537 4875 1664 4938 testium
1688 4879 1889 4944 nominibus:

229 4985 412 5072 Hupoldus.
469 4985 679 5049 Hermannus
713 4983 754 5048 de
789 4984 954 5049 Marciorf.
1005 4983 1171 5048 Lufridus.
1224 4979 1447 5045 Chovnradus.
1500 4978 1676 5043 Ileinricus
1712 4980 1886 5067 Turingus.

230 5089 388 5174 Magister
415 5089 633 5153 Hermannus.
677 5087 811 5153 Ohvono
839 5088 999 5174 plebanus
1029 5086 1070 5152 de
1103 5087 1243 5170 Ragazs.
1281 5084 1492 5151 Eberhardus
1521 5081 1682 5168 plebanus
1713 5085 1746 5149 in
1778 5085 1885 5153 Meils.

231 5193 420 5258 Waltherus
446 5193 581 5258 villicus.
629 5192 832 5257 Ovdalrieus.
871 5191 1126 5257 Marschalchus.
1167 5189 1326 5274 sigfridus
1357 5209 1512 5252 camerar.
1552 5186 1731 5253 Hubertus.
1767 5188 1885 5255 Heinr.

231 5297 331 5361 frater
347 5299 416 5362 eius
433 5296 592 5360 Albertus
610 5295 805 5360 Scorandus.
841 5295 1037 5361 Ludewicus
1053 5296 1154 5359 frater
1178 5296 1248 5359 eius
1271 5292 1466 5358 Ludewicus
1490 5292 1522 5353 in
1545 5290 1639 5357 Purs.
1674 5291 1887 5358 Eberhardus

232 5400 264 5463 in
292 5401 403 5485 Lupis.
454 5399 605 5464 Andreas
636 5400 668 5462 in
696 5399 850 5463 Trimuns
881 5399 937 5480 (cf.
970 5399 1089 5463 Mohr
1117 5397 1136 5461 t.
1168 5419 1193 5460 c.
1223 5398 1293 5474 Ι,6
1312 5418 1349 5476 p.
1374 5398 1415 5457 10
1443 5415 1476 5458 n.
1502 5394 1575 5477 59);
1607 5393 1708 5458 attera
1734 5397 1888 5476 mecurio

231 5502 376 5584 Huqonis
405 5504 472 5567 abb.
499 5503 757 5585 (1223-1245)
783 5523 855 5566 cum
887 5501 958 5568 dtu
986 5503 1024 5566 de
1052 5501 1171 5567 Vitturs
1195 5501 1284 5581 fucta
1312 5500 1485 5580 incipiens:
1512 5496 1633 5561 Notum
1649 5500 1699 5568 ,sit
1722 5501 1884 5566 uniuersis

230 5613 296 5669 tam
326 5607 534 5692 presentibus
566 5626 663 5692 quam
692 5605 810 5692 futuris
841 5605 971 5687 (Mater
986 5627 1022 5685 p.
1039 5609 1081 5668 13
1110 5627 1141 5667 n.
1166 5605 1232 5685 72).
1268 5606 1297 5665 0.
1320 5624 1414 5683 prmo.
1437 5601 1579 5663 30—35
1609 5602 1887 5681 confraternitates

229 5709 484 5794 (ΠΙ,17-28).
526 5715 555 5777 7.
580 5711 744 5791 1109836,
761 5730 791 5772 a.
820 5713 872 5787 36,
889 5709 917 5775 b.
951 5713 1003 5788 37,
1024 5730 1054 5770 α.
1104 5708 1291 5772 Notificatio
1329 5707 1397 5770 sive
1432 5704 1608 5770 intitulatio
1643 5707 1884 5791 prebendarum

1620 5815 1679 5868 45·
