4508 6532
706 1699 1373 1842 APPENDIX.

510 2095 979 2190 THESAURUS
1025 2096 1565 2191 FABARIENSIS.

217 2272 258 2335 A.
293 2273 529 2353 Antiquissima
544 2294 628 2355 pore
649 2273 686 2335 in
700 2272 811 2352 primo
833 2278 862 2335 et
883 2271 984 2336 altero
1000 2274 1124 2355 popina
1146 2273 1263 2336 coticis
1285 2274 1461 2355 conscripto
1483 2280 1529 2338 est
1550 2275 1601 2339 iris
1622 2275 1741 2338 verbis:

216 2393 264 2474 [p.
282 2393 320 2475 1]
342 2393 436 2457 Haeo
460 2401 535 2456 sunt
559 2394 689 2457 nomina
712 2392 919 2476 reliquiarum
942 2414 1000 2478 per
1023 2393 1152 2478 singula
1175 2394 1301 2458 altario.

143 2504 150 2513 “
217 2494 256 2557 In
286 2497 389 2581 primo
418 2497 523 2560 altore
556 2496 765 2579 eontinentur
792 2495 949 2580 reliquiae
979 2502 1165 2560 sanctorum
1189 2499 1408 2582 apostolorum
1432 2499 1574 2585 Philippi
1603 2505 1636 2562 et
1659 2499 1775 2563 Jeoobi
1808 2506 1842 2564 et
1864 2500 1968 2565 eonoti

111 2596 305 2662 Dolumbeni
329 2607 362 2663 et
386 2601 489 2664 saneti
514 2598 662 2663 Gallonis
686 2608 719 2663 et
743 2600 849 2663 saneti
870 2599 999 2663 Patritii
1023 2606 1055 2663 et
1079 2607 1192 2663 ennete
1211 2599 1365 2685 Brigidis,
1390 2603 1494 2666 saneti
1516 2601 1637 2665 Felicis
1662 2609 1695 2666 et
1712 2608 1824 2666 sancte
1840 2601 1968 2688 Regulo

110 2707 143 2763 et
171 2703 274 2765 saneti
297 2701 462 2767 Desiderii
488 2711 524 2781 ,et
546 2702 613 2767 XII
645 2702 885 2787 apostolorum,
914 2693 1020 2766 saneti
1049 2701 1215 2766 Oosuteris
1239 2702 1284 2790 (t)
1317 2711 1351 2768 et
1378 2705 1515 2769 eliorum
1544 2705 1757 2790 plurimorum
1781 2712 1968 2769 sanctorum

110 2811 289 2889 martyrum
312 2812 346 2870 et
369 2807 600 2871 confessorum.

218 2908 265 2972 IN
290 2908 517 2975 SECUNDO:
543 2913 647 2975 sensti
664 2912 769 2989 Luoii,
794 2911 896 2974 saneti
913 2909 1043 2989 Anioni,
1067 2912 1172 2974 saneti
1189 2911 1329 2998 Sulpitii,
1353 2912 1458 2976 saneti
1475 2910 1678 2991 Miehahelis,
1702 2911 1808 2974 saneti
1825 2910 1968 2992 Martini,

109 3014 213 3075 saneti
236 3013 396 3094 Victoris,
427 3016 531 3079 saneti
555 3013 746 3092 Maximini,
781 3015 884 3077 saneti
908 3011 1048 3097 Giorgii,
1082 3015 1185 3078 sensti
1207 3014 1338 3099 vigilii,
1363 3015 1466 3078 saneti
1487 3013 1682 3094 Furtuneti,
1708 3015 1814 3079 senoti
1835 3011 1967 3094 Felicis,

109 3123 230 3178 senetae
255 3114 424 3181 Oolumbae
448 3125 482 3181 et
505 3118 643 3183 aliorum
666 3119 879 3203 plurimorum
903 3125 1090 3182 sanctorum
1115 3125 1293 3204 martyrum
1318 3126 1351 3183 et
1374 3119 1606 3185 confessorum.

216 3218 265 3282 IN
287 3218 455 3285 TERTIO
481 3221 612 3286 SUNT:
638 3220 801 3286 SANOTI
823 3220 957 3285 PETRI
981 3228 1014 3285 et
1029 3219 1178 3302 PAULI,
1203 3229 1236 3285 et
1260 3223 1364 3286 saneti
1380 3220 1536 3302 Mauritii,
1561 3222 1664 3286 saneti
1691 3219 1829 3305 Giorgii,
1853 3226 1967 3284 sancte

108 3322 298 3403 Petronille,
323 3325 427 3388 saneti
449 3324 614 3407 Flaviani,
638 3326 743 3389 saneti
765 3324 945 3403 Lontberti,
970 3325 1075 3389 saneti
1100 3323 1247 3405 Condidi,
1271 3327 1374 3391 saneti
1397 3323 1551 3403 Amandi,
1575 3324 1681 3389 saneti
1705 3322 1837 3402 Felicis,
1862 3322 1967 3386 saneti

109 3424 312 3506 Columbini,
337 3429 440 3492 saneti
464 3428 610 3503 Quintini
634 3435 667 3493 et
690 3429 825 3493 eliorum
847 3429 1060 3514 plurimorum
1085 3434 1271 3493 sanctorum
1295 3436 1485 3515 martyrum.

217 3528 265 3592 IN
280 3530 384 3595 IPSA
400 3530 667 3616 ORUOIOULA,
691 3534 743 3617 qui
763 3534 796 3596 in
812 3533 883 3618 ipsa
899 3532 1025 3616 capella
1041 3538 1154 3616 suptus
1169 3531 1293 3616 pendit,
1318 3539 1408 3597 sunt:
1433 3532 1578 3616 reliquie
1596 3534 1716 3594 sonetoe
1733 3527 1844 3592 Moriae
1868 3534 1902 3592 et
1925 3527 1966 3591 de

109 3632 197 3716 ligno
220 3639 341 3697 ssnetae
370 3636 475 3699 orueis
506 3642 539 3699 et
561 3636 665 3699 saneti
689 3635 832 3699 Mauritii
863 3642 896 3699 et
924 3636 1027 3699 saneti
1051 3633 1225 3720 Exuperii,
1256 3634 1373 3701 Cosme
1403 3641 1437 3699 et
1459 3634 1627 3714 Damiani,
1658 3638 1771 3712 sancte
1795 3630 1966 3711 Columbo,

110 3736 215 3799 saneti
237 3734 358 3801 Leonis
381 3759 477 3823 pape.

217 3839 256 3902 In
279 3839 380 3904 fibula
403 3862 505 3906 aurea
528 3848 619 3905 sunt:
641 3842 787 3926 reliquie
811 3841 920 3906 domni
944 3842 1124 3907 Salvatoris
1147 3850 1181 3907 et
1204 3847 1316 3914 senote
1339 3840 1452 3906 Merioe
1481 3845 1515 3905 et
1542 3841 1645 3906 saneti
1668 3839 1783 3926 Vigilii
1815 3839 1966 3925 martyris

110 3947 144 4005 et
166 3942 304 4007 eliorum
328 3951 525 4009 sanctorum.

218 4044 266 4109 IN
291 4046 474 4119 QUARTO
501 4047 683 4114 ALTARE
707 4048 830 4124 QUOD
861 4047 944 4113 EST
975 4047 1023 4113 IN
1047 4047 1221 4113 SANOTE
1244 4046 1405 4113 MARIAE
1436 4045 1485 4110 IN
1507 4045 1652 4111 PRIMA
1681 4044 1827 4111 OAPSA
1851 4043 1968 4110 SUNT

109 4147 357 4224 RELIQUIAE:
383 4158 503 4216 sonotae
520 4151 642 4231 Mariae,
667 4153 786 4217 Domni
803 4152 983 4216 silvatoris
999 4158 1032 4216 ot
1047 4150 1115 4216 XII
1131 4152 1351 4237 apostolorum
1368 4158 1402 4217 et
1415 4152 1520 4216 saneti
1538 4150 1695 4237 Stephani
1713 4156 1747 4214 et
1763 4151 1867 4215 saneti
1877 4149 1968 4214 Petri

111 4254 250 4336 apostoli
274 4260 308 4317 et
335 4256 439 4319 saneti
463 4254 585 4320 Eusebi
609 4256 848 4337 Vercellensis,
873 4257 978 4319 saneti
1000 4254 1162 4320 Johsnnis
1186 4255 1353 4341 baptiste,
1385 4255 1489 4319 saneti
1512 4253 1610 4319 Pauli
1632 4253 1781 4340 apostoli,
1805 4252 1846 4317 de
1870 4272 1968 4317 oruoe

107 4353 247 4436 Domini,
274 4358 378 4420 saneti
401 4357 500 4440 Gaui,
523 4366 708 4423 sanctorum
732 4359 1000 4439 Machabeorum,
1023 4365 1205 4423 sanctorum
1229 4361 1326 4424 trium
1349 4380 1534 4444 puerorum,
1558 4359 1662 4423 saneti
1686 4357 1812 4421 Marohi
1837 4377 1967 4441 eusng,

109 4456 148 4521 de
166 4460 315 4544 sepulcro
332 4459 472 4543 Domini,
494 4461 536 4527 de
553 4463 812 4539 innocentorum,
836 4463 877 4527 de
894 4469 1005 4542 sancte
1021 4461 1183 4545 Eufemie,
1206 4471 1319 4529 sancte
1333 4463 1489 4549 Brigidis,
1506 4464 1609 4528 saneti
1623 4461 1745 4527 Leonis
1762 4482 1845 4548 pape,
1862 4462 1967 4526 sancti

108 4560 229 4625 Potrici
253 4564 410 4650 episcopi,
435 4567 540 4630 saneti
556 4566 716 4647 Cassiani,
741 4567 844 4631 saneti
860 4565 983 4649 Albini,
1007 4568 1111 4631 saneti
1128 4567 1342 4650 Mourilionis,
1366 4568 1471 4632 saneti
1487 4566 1669 4643 Lentberti,
1694 4566 1800 4629 saneti
1818 4563 1968 4645 Samson,

108 4666 210 4729 saneti
234 4666 384 4751 Gregorii
408 4689 504 4754 pape,
527 4670 629 4732 saneti
654 4670 798 4741 Martini,
822 4670 927 4734 sancti
949 4669 1105 4745 Jermoni,
1130 4672 1234 4735 saneti
1264 4669 1406 4752 Jervesi,
1431 4670 1533 4736 senoti
1556 4668 1697 4747 Protesi,
1721 4673 1844 4732 eenotoe
1865 4666 1967 4733 Alde·

112 4768 237 4852 gunde,
261 4771 366 4834 saneti
390 4771 616 4856 Menogobede
641 4772 699 4859 (t),
721 4774 826 4838 saneti
849 4772 958 4838 Oirioi.
990 4787 992 4793 '

213 4871 262 4935 IN
285 4871 394 4936 ALIA
419 4872 564 4939 OAPSA
590 4875 765 4972 SANOTD
793 4877 953 4942 MARIAE
977 4885 1068 4942 sunt:
1093 4878 1239 4964 reliquioe
1263 4883 1385 4943 senotae
1407 4876 1535 4956 Meriae,
1559 4875 1673 4939 metris
1695 4873 1837 4954 Domini,
1862 4873 1968 4938 saneti

106 4970 289 5054 Benedicti,
314 4977 418 5040 saneti
441 4976 673 5060 Bartholomei,
697 4979 802 5045 sensti
823 4979 965 5046 Euoroii.
1253 5010 1258 5026 =

191 5078 240 5162 fir.
255 5080 296 5162 2]
318 5079 430 5143 ITEM
454 5080 641 5148 SANOTAE
666 5083 822 5178 MARID,
856 5086 960 5150 sensti
981 5084 1199 5170 Leudegorii,
1231 5084 1336 5150 saneti
1357 5081 1544 5162 Valentini,
1578 5080 1684 5146 saneti
1706 5079 1842 5161 Jordan,
1864 5078 1970 5144 senoti

106 5178 256 5262 Jenonis,
280 5184 383 5247 saneti
405 5183 530 5249 Methei
552 5193 671 5271 apost,
704 5194 817 5253 sancte
840 5187 958 5268 Teole,
981 5194 1094 5253 sancte
1117 5187 1326 5274 Aldegunde,
1349 5186 1453 5252 sonoti
1475 5184 1628 5265 Ammoi,
1654 5184 1760 5248 saneti
1783 5181 1967 5262 Lentberti,

107 5291 217 5350 senete
242 5285 372 5370 Agathe
395 5287 493 5372 virg,
523 5291 628 5355 saneti
650 5288 810 5357 iohannis
834 5312 969 5377 eueng.,
996 5292 1101 5356 senoti
1124 5290 1242 5357 Cosme
1266 5298 1299 5357 et
1321 5289 1495 5372 Domieni,
1519 5289 1625 5353 saneti
1647 5286 1839 5368 Mieheelis,
1862 5285 1967 5351 sonori

208 5597 312 5650 liorem
330 5599 437 5666 oblmis
453 5603 579 5670 impresso
596 5603 630 5655 ab
647 5602 926 5656 emerammi&
1006 5602 1315 5657 woodooniuoffl.
1392 5599 1681 5654 ammonentem.
1764 5598 1969 5651 niomium-ss.

106 5670 136 5716 12
153 5667 209 5720 cod.
233 5669 289 5735 ipse
308 5671 362 5730 esp.
477 5677 508 5724 16
526 5673 582 5724 cod.
608 5673 692 5740 sigilii
711 5675 775 5724 mai.
888 5672 1116 5743 nunonem
1137 5686 1243 5725 mm
1258 5670 1419 5725 edem
1531 5672 1566 5721 m
1581 5667 1739 5734 mpoqioae
1754 5670 1846 5737 fronte
1864 5669 1971 5737 aymo:

104 5737 277 5790 Ebemuinus.
313 5738 479 5792 Bmhenrsth.
583 5744 617 5794 29
633 5742 690 5795 ood-
706 5745 804 5797 eniien-
