4508 6532
798 459 832 514 A.
863 458 1256 514 CONFRATERNITATUM
1275 458 1455 516 TABULAE.
1993 466 2053 528 137

195 666 259 711 non
282 647 412 712 modica
434 655 468 713 st
490 650 523 713 in
545 647 579 713 id
609 650 716 734 ipsum
745 670 765 713 a
791 670 870 734 rege
894 648 1078 734 Anglorum
1108 650 1225 716 eadem
1254 652 1317 717 sibi
1347 650 1468 716 tradita
1491 651 1633 716 visitatis
1662 653 1695 715 in
1717 650 1871 716 IDIBUS
1895 649 2054 716 OCTOB.

194 751 282 814 venit
304 750 347 814 ad
369 772 467 815 mona
490 753 732 818 steriumsancti
756 751 855 818 Calli.
911 752 1039 838 Quique
1071 754 1255 839 gratissime
1279 777 1298 818 o
1322 755 1478 819 fratribus
1503 760 1676 840 susceptus
1700 762 1733 820 et
1756 755 1902 820 eiusdem
1926 754 2054 839 patroni

194 854 296 917 nostri
324 855 536 920 festivitatem
566 878 639 920 curn
667 856 733 920 illis
764 855 961 921 celebrando
995 863 1135 941 quatuor
1174 857 1296 921 ibidem
1328 857 1400 922 dies
1433 857 1621 923 demoratus
1649 865 1709 923 est.
1759 856 1911 922 Secundo
1943 863 2053 921 autem

193 963 363 1041 postquam
393 959 624 1025 monasterium
653 960 822 1045 ingressus
848 965 915 1040 est,
949 959 1011 1025 hoc
1042 967 1094 1025 est
1122 962 1155 1024 in
1182 961 1253 1045 ipso
1283 960 1497 1047 depositionis
1528 963 1633 1027 sancti
1662 961 1750 1026 Calli
1779 961 1850 1040 die,
1884 960 2053 1026 basilicam

193 1061 325 1124 intravit
353 1069 385 1126 et
415 1063 586 1147 pecuniam
617 1065 785 1151 copiosam
814 1085 925 1128 secum
954 1064 1076 1144 attulit,
1111 1064 1152 1129 do
1184 1086 1249 1149 qua
1278 1072 1405 1150 partem
1438 1065 1554 1129 altario
1586 1066 1756 1151 imposuit,
1791 1071 1917 1151 partem
1953 1063 2053 1127 etiam

193 1162 327 1228 utilitati
349 1166 486 1230 fratrum
509 1166 653 1232 donavit.
699 1166 863 1247 Posthac
887 1189 926 1232 eo
951 1168 983 1231 in
1008 1174 1202 1232 conventum
1228 1175 1373 1232 nostrum
1396 1168 1581 1233 introducto
1606 1169 1714 1233 omnis
1739 1167 1951 1254 congregatio
1975 1187 2054 1231 con-

193 1266 292 1330 cessit
314 1268 346 1331 ei
369 1289 531 1334 annonam
554 1270 650 1334 unius
674 1270 782 1334 fratris
806 1277 840 1334 et
863 1271 1002 1335 eandem
1026 1272 1217 1350 orationem,
1241 1292 1338 1356 quam
1361 1292 1420 1357 pro
1443 1272 1589 1357 quolibet
1612 1271 1653 1337 de
1677 1271 1797 1336 nostris
1828 1270 1898 1335 sive
1921 1270 2054 1335 vivente

193 1369 261 1433 sive
283 1370 352 1435 vita
375 1371 555 1438 decedente
578 1373 688 1437 facere
718 1373 877 1454 solemus,
892 1394 894 1399 ’
908 1394 966 1458 pro
999 1374 1056 1437 illo
1086 1375 1245 1438 facturam
1267 1375 1505 1460 perpetualiter
1527 1375 1686 1460 promisit.
1737 1374 1810 1438 Hec
1838 1380 1915 1438 sunt
1944 1380 2053 1439 autem

192 1473 403 1558 nominaque
421 1476 580 1541 conscribi
598 1478 741 1562 rogavit:
766 1476 840 1541 Rex
853 1477 1035 1562 Anglorum
1046 1477 1239 1541 Adalstean.
1271 1476 1475 1542 Keonowald
1492 1479 1676 1564 episcopus.
1703 1478 1867 1563 Wighart.
1902 1476 2054 1542 Kenrun.

195 1573 327 1642 Conrat.
374 1577 548 1645 Keonolaf.
593 1579 777 1645 Wuudrud.
824 1579 1014 1646 Keoudrud.

300 1696 363 1783 (6.)
399 1695 443 1785 [p.
460 1698 492 1785 6]
518 1698 614 1766 Auno
637 1702 679 1767 ab
703 1700 930 1766 incarnatione
955 1698 1077 1763 Christi
1103 1700 1226 1763 domini
1242 1699 1484 1766 DCCCCVIII.
1510 1708 1668 1787 regnante
1692 1700 1902 1766 HLudowico
1926 1700 2054 1764 Arnolfi

193 1798 402 1883 imperatoris
425 1803 501 1883 filio,
526 1806 698 1871 undecimo
722 1805 815 1889 regui
838 1805 941 1890 ipsius
965 1826 1061 1884 auno,
1085 1803 1260 1868 indictione
1277 1804 1459 1883 undecima,
1482 1805 1542 1869 ID.
1561 1804 1659 1871 OCT.
1684 1805 1736 1869 dic
1761 1804 1854 1869 sabb.
1877 1803 1912 1868 in
1935 1803 2055 1888 vigiliis

194 1902 299 1966 sancti
316 1903 404 1969 Galli
421 1908 630 1988 confessoris,
646 1909 736 1974 venit
759 1907 876 1972 beatae
892 1907 1069 1972 memoriae
1088 1908 1310 1971 nobilissimus
1326 1908 1498 1992 Augustae
1512 1897 1704 1973 Vindelicae
1720 1907 1870 1994 pontifex
1885 1905 2054 1970 Adalbero

193 2005 302 2069 iuncto
326 2008 390 2073 sibi
413 2012 587 2076 mitissimo
612 2012 813 2079 Seboneusis
837 2011 976 2090 ecclesie
1006 2011 1152 2075 antistite
1175 2010 1383 2094 Meginberto
1414 2012 1447 2074 in
1471 2013 1705 2077 monasterium
1732 2011 1840 2075 sancti
1863 2009 1952 2074 Galli
1981 2009 2052 2074 eius

195 2109 329 2194 cupiens
353 2111 513 2180 interesse
537 2115 717 2181 festivitati.
763 2115 911 2199 Cumque
934 2115 1038 2199 ipsam
1052 2113 1260 2178 venerandae
1277 2115 1493 2179 solemnitatis
1513 2116 1548 2179 iu
1564 2116 1724 2181 coenobio
1740 2120 1871 2179 noctem
1893 2113 2052 2192 duxisset,

195 2233 290 2276 marre
314 2215 493 2301 basylicam
515 2220 683 2305 ingressus
707 2218 749 2283 ad
772 2217 876 2283 sancti
900 2218 1095 2282 confessoris
1119 2218 1266 2281 tumbam
1290 2219 1440 2283 accessit.
1485 2218 1615 2284 Deinde
1639 2219 1795 2283 fratribus
1819 2218 1861 2282 ad
1883 2239 1919 2282 se
1936 2215 2053 2282 dextro

195 2316 307 2382 altaris
336 2320 430 2385 lateri
460 2324 652 2387 coniunctus
681 2322 850 2388 accersitis
882 2342 1012 2385 crucem
1041 2341 1173 2384 auream
1204 2322 1342 2404 gemmis
1376 2321 1604 2407 interpositam
1634 2324 1835 2408 calicemque
1866 2320 2054 2385 onichinum

196 2440 274 2484 auro
303 2428 337 2486 et
368 2426 507 2507 gemmis
534 2427 704 2512 eleganter
730 2433 879 2512 paratum
906 2445 980 2488 eum
1008 2431 1129 2509 patena
1159 2445 1259 2488 aurea
1285 2424 1387 2488 nihilo
1411 2425 1519 2489 minus
1548 2433 1714 2510 gemmata
1743 2426 1859 2491 altario
1887 2423 2052 2510 imposuit,

195 2523 362 2607 palliolum
393 2528 492 2592 etiam
520 2530 728 2615 casulamque
756 2528 893 2615 pretiosi
920 2528 1067 2612 generis,
1097 2548 1225 2592 necnon
1254 2528 1362 2593 albam
1392 2550 1466 2592 cum
1495 2529 1627 2615 cingulo
1651 2533 1799 2617 stolaque
1824 2553 1862 2596 ac
1885 2528 2052 2613 mappula,

196 2627 320 2691 cunctis
343 2628 394 2692 his
417 2652 496 2695 auro
521 2633 685 2718 perfectis,
709 2633 816 2699 eidem
839 2632 995 2717 applicuit
1018 2652 1105 2696 arae.
1152 2630 1218 2696 Sed
1242 2641 1276 2697 et
1298 2653 1449 2716 magnam
1479 2655 1595 2698 caerae
1621 2636 1746 2720 copiam
1771 2641 1892 2699 sanctae
1915 2631 2053 2698 eontulit

196 2728 278 2795 aedi.
329 2730 532 2819 Campanum
562 2758 691 2822 quoquo
721 2737 822 2801 mirae
853 2734 1086 2820 magnitudinis
1115 2742 1149 2801 et
1181 2736 1323 2800 eximiae
1352 2735 1540 2800 sonoritatis
1569 2738 1640 2801 loco
1669 2738 1874 2803 contradidit.
1924 2735 2054 2799 Exhinc

197 2834 299 2897 sancti
323 2834 449 2900 Otmari
472 2839 580 2904 loculo
604 2838 766 2905 accedens
797 2839 899 2924 ipsius
931 2859 1007 2903 arae
1036 2839 1205 2923 palliolum
1229 2838 1309 2902 satis
1332 2839 1512 2923 pretiosum
1544 2840 1810 2928 superexpandit.
1864 2841 1945 2905 Post
1971 2839 2054 2904 haec

196 2936 300 2999 sancti
328 2938 418 3004 Petri
447 2944 620 3008 ecclesiam
650 2943 831 3028 ingreditur
861 2962 1052 3026 magnasque
1087 2941 1168 3005 inibi
1199 2942 1436 3006 aestimationis
1463 2945 1633 3029 palliolum
1663 2944 1835 3010 condonat.
1896 2943 2054 3028 Sequenti

196 3040 365 3123 veredis,
396 3044 429 3108 in
458 3068 522 3131 qua
550 3048 654 3112 sancti
681 3047 844 3112 dedicatio
872 3046 987 3130 templi
1010 3046 1193 3122 colebatur,
1226 3045 1401 3130 plerosque
1429 3048 1660 3113 monachorum
1688 3048 1851 3134 precipuis
1880 3046 2055 3113 honorarit

198 3143 344 3230 eulogiis.
390 3148 593 3221 Quibusdam
620 3172 779 3237 purpuras
802 3146 1063 3236 Tylp.7]riacas,
1092 3148 1287 3232 quibusdam
1312 3155 1422 3214 autern
1445 3151 1579 3236 palliola
1608 3152 1725 3217 viridia
1748 3173 1821 3217 eum
1850 3150 2052 3216 camisilibus

198 3267 255 3310 seu
273 3248 368 3331 glizis
391 3252 536 3320 donavit.
580 3255 694 3320 Tertia
715 3254 829 3319 itidem
852 3253 905 3318 dio
928 3253 1103 3336 unicuique
1120 3254 1255 3317 fratrum
1279 3253 1446 3339 pellicium
1470 3276 1542 3319 cum
1565 3257 1651 3343 pelle
1675 3256 1863 3321 curtamisia
1885 3255 1955 3320 dari
1978 3276 2053 3339 pre-

200 3351 295 3435 cepit.
340 3353 465 3427 Quarta
487 3359 567 3424 item
590 3359 643 3424 die
667 3358 776 3424 cuncti
799 3378 858 3443 per
881 3356 1028 3422 ordinem
1051 3357 1170 3422 iterata
1193 3357 1234 3421 ab
1259 3378 1298 3421 eo
1315 3378 1451 3422 munera
1471 3367 1700 3445 perceperunt,
1725 3359 1851 3424 scilicet
1866 3365 1923 3423 aut
1938 3379 2054 3442 sagum

197 3453 326 3519 laneum
350 3459 459 3524 album
482 3469 539 3526 aut
569 3463 715 3527 camisile
746 3461 867 3526 subtile
897 3482 935 3525 ac
964 3461 1086 3546 grande
1116 3481 1176 3524 seu
1199 3460 1397 3525 chozzouem
1426 3461 1495 3526 sive
1528 3462 1636 3527 lenam
1666 3483 1766 3548 opere
1790 3462 1950 3547 plumario
1975 3482 2052 3526 con-

197 3561 331 3624 textam.
380 3562 571 3651 Eademque
600 3566 652 3631 die
682 3565 892 3631 refectorium
921 3586 1017 3630 omne
1044 3566 1125 3629 miro
1156 3570 1317 3649 apparatu
1350 3565 1493 3645 ornavit,
1524 3566 1689 3650 tapetibus
1717 3565 1872 3631 videlicet
1898 3564 2053 3651 plumatis

198 3663 361 3729 sessiones
384 3667 520 3732 fratrum
542 3669 686 3756 undique
710 3675 872 3744 sternens,
898 3690 982 3754 quae
1005 3669 1101 3732 simul
1123 3690 1258 3733 numero
1278 3668 1364 3732 XIII
1388 3669 1529 3748 fuerunt,
1553 3671 1713 3755 pulpitum
1738 3671 1836 3734 etiam
1859 3667 2053 3752 facitergulo

198 3785 293 3829 cocco
317 3768 496 3854 imaginata
518 3773 712 3838 circumdari
741 3773 836 3837 iussit
863 3772 1048 3857 gradusque
1073 3774 1143 3837 eius
1174 3773 1298 3856 tapetio
1328 3772 1440 3837 velari.
1493 3771 1631 3837 Necnon
1663 3780 1696 3839 et
1723 3773 1892 3858 palliolum
1922 3769 2055 3855 grandis

197 3869 292 3953 pretii
324 3892 343 3934 a
373 3880 466 3958 tergo
494 3875 574 3941 feeit
602 3877 730 3942 abbatis
760 3876 916 3961 suspendi
950 3897 1146 3961 mensasque
1178 3897 1292 3941 omnes
1326 3875 1537 3960 operimentis
1570 3876 1736 3940 mandavit
1768 3876 1897 3961 glizinis
1932 3874 2056 3939 vestiri.

199 3969 264 4036 sed
286 3980 320 4039 et
342 3976 421 4041 foris
445 3980 564 4043 ostium
586 3980 751 4046 refectorii
774 3980 923 4045 eiusdem
946 3984 1097 4044 texturae
1128 3979 1339 4063 manutergia
1369 3985 1445 4041 sunt
1473 3978 1548 4043 hinc
1572 3988 1606 4045 ot
1628 3980 1705 4046 inde
1730 4000 1922 4066 suspensae.
1970 3975 2056 4043 Con-

198 4075 315 4140 vivium
340 4101 467 4167 quoque
497 4084 537 4149 de
561 4106 619 4148 suo
651 4085 765 4150 eadem
795 4084 848 4149 die
878 4105 951 4148 eum
982 4085 1069 4147 omni
1100 4083 1297 4147 sufficientia
1324 4083 1469 4146 ciborum
1502 4091 1535 4147 et
1563 4092 1697 4170 potuum
1729 4084 1889 4148 universae
1918 4082 2055 4146 fratrum

199 4183 402 4262 generalitati
444 4187 559 4252 instrui
597 4190 755 4274 precepit.
822 4188 950 4253 Calices
992 4190 1091 4253 etiam
1135 4194 1311 4271 argenteos
1350 4194 1383 4251 et
1421 4188 1510 4272 ipsos
1555 4187 1757 4274 pergrandes
1795 4207 1908 4251 seeum
1945 4187 2055 4253 attulit

200 4287 494 4376 monachorumque
517 4315 571 4357 eos
600 4294 712 4357 usibus
734 4292 889 4378 deinceps
920 4275 1069 4379 deputari
1093 4291 1268 4357 mandavit.
1314 4291 1377 4355 His
1401 4293 1527 4356 exactis
1550 4290 1638 4356 idem
1661 4289 1913 4355 liberalissimus
1936 4291 2056 4376 praesul

198 4390 310 4473 pyrale
334 4396 599 4479 congregationis
623 4397 756 4460 intravit
777 4397 989 4482 pectinesque
1014 4397 1177 4461 eburneos
1201 4395 1424 4481 magnitudine
1448 4402 1482 4460 et
1504 4395 1641 4458 artifieio
1665 4395 1810 4479 insignes
1828 4393 1952 4457 catenis
1976 4392 2056 4458 feeit

197 4494 308 4558 aeneis
332 4494 459 4561 ibidem
476 4500 631 4584 suspendi
655 4522 693 4564 ac
715 4500 937 4584 manutergias
961 4520 1019 4585 per
1046 4500 1192 4584 singulos
1213 4500 1357 4584 singulas
1379 4499 1523 4584 adiungi.
1562 4497 1679 4563 Preter
1700 4498 1783 4562 haec
1800 4495 2054 4581 benignissimus

198 4596 334 4663 antistes
358 4607 428 4665 tota
450 4602 507 4666 illa
529 4603 713 4668 ebdomada
735 4604 768 4668 iu
791 4603 989 4667 monasterio
1014 4604 1195 4668 consistens
1220 4602 1419 4668 cottidianae
1442 4605 1561 4668 fratres
1587 4601 1775 4667 refectionis
1799 4598 1999 4665 abundantia
2021 4608 2055 4666 et

199 4698 395 4767 iocunditate
426 4706 594 4785 letificavit
623 4706 666 4794 [p.
689 4706 720 4793 8]
752 4707 931 4786 uberrima3
960 4706 1019 4773 sed
1048 4715 1081 4771 et
1116 4707 1204 4772 omui
1232 4727 1317 4791 pene
1346 4708 1378 4771 in
1409 4707 1608 4772 monasterio
1637 4706 1781 4770 familiae
1811 4704 2054 4771 munificentiae

301 4987 352 5032 le.
371 4985 521 5050 angolorum
633 4990 760 5053 2epost
781 4994 916 5055 susceptus
933 5004 1038 5039 masam
1055 4994 1091 5039 eat
1194 4986 1282 5037 9cod.
1300 4986 1450 5052 augelorum
1555 4986 1585 5033 12
1602 4983 1736 5034 vndecimo
1754 4998 1789 5031 vu
1813 4982 1841 5032 in
1862 4999 1917 5034 ras.
1934 5000 1988 5048 pro
2005 4984 2056 5036 duo

199 5053 230 5099 17
240 5050 294 5116 ipse
313 5061 376 5151 crue¹¹
389 5055 543 5107 coniunctus
550 5065 642 5122 posteo
660 5058 716 5108 clia
732 5075 812 5108 mana
829 5074 956 5124 ntpcrecm
1048 5061 1079 5107 17
1090 5073 1111 5108 c.
1129 5055 1315 5108 onich::inum
1333 5053 1409 5119 (ras.)
1518 5055 1549 5103 19
1561 5054 1584 5102 fr
1596 5053 1663 5103 inter
1680 5057 1734 5102 fiet
1746 5051 1807 5102 albii
1820 5059 1911 5117 postea
1929 5068 2056 5117 uipereor.

197 5164 228 5211 25
248 5178 268 5213 c.
286 5165 424 5216 camisibus
526 5170 561 5219 36
578 5168 633 5218 cod.
655 5169 763 5235 depitari
865 5172 901 5221 38
918 5169 1093 5237 manutergias
1115 5170 1144 5219 ia
1160 5185 1214 5220 ras.
1308 5170 1341 5219 38
1365 5183 1410 5233 per
1432 5182 1559 5232 superscr.
1581 5165 1609 5214 ia
1629 5182 1683 5216 ras.
1775 5167 1807 5215 39
1824 5172 1885 5230 port
1914 5165 2057 5218 ebdomada

196 5246 249 5282 ras.
266 5229 348 5299 [asiais
366 5235 464 5288 litterae
480 5237 520 5288 cet
537 5237 657 5289 aarum.
762 5242 796 5290 39
813 5256 834 5291 c.
852 5239 1028 5291 habundantia
1045 5240 1062 5290 h
1080 5255 1146 5291 cras.
1250 5242 1285 5289 40
1302 5237 1357 5289 ains
1371 5244 1432 5302 post
1448 5236 1603 5287 iocunditate
1621 5251 1725 5287 mamm
1742 5241 1785 5284 est.

300 5402 364 5456 ade
382 5404 583 5460 Adelsteanco.
602 5408 782 5475 ad1,332,1.
845 5407 1038 5474 llKeonowatd
1055 5407 1105 5478 [cf.
1124 5407 1147 5474 1,
1166 5406 1289 5477 332,28].
1352 5406 1364 5470 11
1382 5401 1751 5474 thbart[cf.1,332,21].
1816 5401 2054 5473 [litaniarum]

198 5475 253 5537 332,
271 5473 324 5540 2ss,
431 5484 460 5529 10
479 5475 581 5530 amira
600 5477 650 5546 [cs.
670 5478 693 5543 r,
710 5483 766 5544 332,
787 5476 840 5598 qq.
905 5480 916 5545 t
929 5477 1073 5543 nemas
1086 5475 1136 5546 [cs.
1155 5475 1180 5558 r,
1196 5475 1317 5545 asem.
1382 5477 1393 5540 l
1411 5462 1560 5528 nasama
1577 5472 1628 5543 [cf.
1647 5473 1670 5537 r,
1691 5477 1747 5536 332,
1760 5469 1813 5539 arJ.
1878 5447 2057 5552 {intonat

198 5538 282 5607 [Cf-I,
299 5548 355 5608 332,
368 5542 422 5612 30]-
521 5556 547 5599 11
565 5546 598 5600 dc
617 5546 781 5614 temporccs.
833 5552 969 5600 actiacae.
989 5548 1028 5614 11,
1045 5553 1099 5601 321.
1135 5545 1280 5598 Πυηιηιὶεν.
1301 5545 1339 5611 Π,
1358 5552 1412 5610 156,
1432 5561 1457 5596 rr.
1476 5551 1516 5598 60.
1614 5547 1645 5594 13
1664 5538 1798 5593 Adalbero
1816 5556 1868 5617 eps.
1887 5539 1957 5608 Aap.
1977 5541 2055 5596 Verad.

197 5615 343 5664 887-909.
437 5622 467 5667 14
488 5615 672 5683 Mecinbcrtas
689 5615 863 5669 Sabioecrrsia
881 5633 932 5684 eps.
951 5623 1097 5670 907—926.
1134 5613 1178 5667 De
1195 5614 1310 5668 rrwtibae
1328 5613 1491 5680 caeterasque
1508 5611 1587 5664 rebus
1603 5626 1672 5676 qaas
1690 5612 1853 5662 ammorreo
1876 5606 2055 5679 deviaverunt,

197 5678 415 5802 gquWanqprrn.
435 5688 459 5735 et
477 5684 622 5738 Danrrdcr.
643 5684 735 5739 Mica.
751 5684 805 5751 XI,
824 5693 853 5740 15
869 5701 907 5752 sq.
920 5685 1066 5751 Danaidae,
1085 5683 1263 5737 Formclbaeh
1281 5690 1332 5737 125.
1352 5691 1400 5736 140
1417 5687 1441 5735 ct
1459 5681 1492 5736 dc
1510 5680 1655 5733 donatione
1672 5678 1732 5745 ipsa
1751 5676 1853 5731 uara.
1871 5692 1923 5730 cas.
1942 5694 1961 5730 a.
1982 5678 2057 5733 Gaui

245 5789 250 5800 .
301 5789 309 5815 ,
359 5791 364 5800 .

285 5842 360 5903 blssal
379 5861 504 5903 corrasa.
524 5848 550 5900 S.
568 5848 647 5908 Grau
666 5849 730 5902 Auo.
748 5847 811 5902 Fas.
1818 5840 1849 5893 18
